<?xml version="1.0" encoding="UTF-8"?>
<!DOCTYPE html PUBLIC "-//W3C//DTD XHTML 1.0 Transitional//EN"
    "http://www.w3.org/TR/xhtml1/DTD/xhtml1-transitional.dtd">
<html xmlns="http://www.w3.org/1999/xhtml" xml:lang="en" lang="en">
 <head>
  <title>
</title>
<meta http-equiv="Content-Type" content="text/html;charset=utf-8" />
  <meta name='ocr-system' content='tesseract 3.04.00' />
  <meta name='ocr-capabilities' content='ocr_page ocr_carea ocr_par ocr_line ocrx_word'/>
</head>
<body>
  <div class='ocr_page' id='page_1' title='image "./caiiiuliicaesar00baumgoog/caiiiuliicaesar00baumgoog_0492.png"; bbox 0 0 2708 4674; ppageno 0'>
   <div class='ocr_carea' id='block_1_1' title="bbox 89 179 854 252">
    <p class='ocr_par' dir='ltr' id='par_1_1' title="bbox 89 179 854 252">
     <span class='ocr_line' id='line_1_1' title="bbox 89 179 854 252; baseline -0.008 -1"><span class='ocrx_word' id='word_1_1' title='bbox 89 179 163 252; x_wconf 80' lang='lat' dir='ltr'><strong>tos</strong></span> <span class='ocrx_word' id='word_1_2' title='bbox 321 211 326 229; x_wconf 90' lang='lat'>·</span> <span class='ocrx_word' id='word_1_3' title='bbox 351 215 354 225; x_wconf 70' lang='lat'>=</span> <span class='ocrx_word' id='word_1_4' title='bbox 533 201 579 248; x_wconf 81' lang='lat' dir='ltr'><strong>nn</strong></span> <span class='ocrx_word' id='word_1_5' title='bbox 602 197 712 247; x_wconf 81' lang='lat' dir='ltr'><strong>annuo</strong></span> <span class='ocrx_word' id='word_1_6' title='bbox 737 197 854 251; x_wconf 82' lang='lat' dir='ltr'><strong>crvrnr·</strong></span> 
     </span>
    </p>
   </div>
   <div class='ocr_carea' id='block_1_2' title="bbox 85 369 1334 866">
    <p class='ocr_par' dir='ltr' id='par_1_2' title="bbox 85 369 1334 866">
     <span class='ocr_line' id='line_1_2' title="bbox 89 369 1287 472; baseline -0.004 -23"><span class='ocrx_word' id='word_1_7' title='bbox 89 381 303 466; x_wconf 88' lang='lat' dir='ltr'><strong>viderentur,</strong></span> <span class='ocrx_word' id='word_1_8' title='bbox 322 389 442 472; x_wconf 83' lang='lat' dir='ltr'><strong>ageret</strong></span> <span class='ocrx_word' id='word_1_9' title='bbox 452 385 500 470; x_wconf 83' lang='lat' dir='ltr'><strong>et</strong></span> <span class='ocrx_word' id='word_1_10' title='bbox 523 377 642 448; x_wconf 88' lang='lat' dir='ltr'><strong>crebro</strong></span> <span class='ocrx_word' id='word_1_11' title='bbox 660 369 788 469; x_wconf 72' lang='lat' dir='ltr'><strong>&#39;magna</strong></span> <span class='ocrx_word' id='word_1_12' title='bbox 809 385 894 446; x_wconf 82' lang='lat' dir='ltr'><strong>vooe‘</strong></span> <span class='ocrx_word' id='word_1_13' title='bbox 914 377 1176 468; x_wconf 76' lang='lat' dir='ltr'><strong>pronunciaret,</strong></span> <span class='ocrx_word' id='word_1_14' title='bbox 1196 375 1287 444; x_wconf 84' lang='lat' dir='ltr'><strong>lice·</strong></span> 
     </span>
     <span class='ocr_line' id='line_1_3' title="bbox 87 469 1334 577; baseline -0.003 -29"><span class='ocrx_word' id='word_1_15' title='bbox 87 490 184 549; x_wconf 89' lang='lat' dir='ltr'><strong>retne</strong></span> <span class='ocrx_word' id='word_1_16' title='bbox 203 478 333 549; x_wconf 87' lang='lat' dir='ltr'><strong>civibus</strong></span> <span class='ocrx_word' id='word_1_17' title='bbox 355 479 398 545; x_wconf 91' lang='lat' dir='ltr'><strong>ad</strong></span> <span class='ocrx_word' id='word_1_18' title='bbox 428 478 519 546; x_wconf 87' lang='lat' dir='ltr'><strong>cives</strong></span> <span class='ocrx_word' id='word_1_19' title='bbox 547 478 591 546; x_wconf 89' lang='lat' dir='ltr'><strong>de</strong></span> <span class='ocrx_word' id='word_1_20' title='bbox 613 499 698 569; x_wconf 91' lang='lat' dir='ltr'><strong>pace</strong></span> <span class='ocrx_word' id='word_1_21' title='bbox 717 478 851 569; x_wconf 83' lang='lat' dir='ltr'><strong>legatos</strong></span> <span class='ocrx_word' id='word_1_22' title='bbox 878 477 1030 577; x_wconf 75' lang='lat' dir='ltr'><strong>mittere,</strong></span> <span class='ocrx_word' id='word_1_23' title='bbox 1050 477 1145 566; x_wconf 91' lang='lat' dir='ltr'><strong>quod</strong></span> <span class='ocrx_word' id='word_1_24' title='bbox 1175 469 1285 544; x_wconf 80' lang='lat' dir='ltr'><strong>&#39;etiam</strong></span> <span class='ocrx_word' id='word_1_25' title='bbox 1333 547 1334 562; x_wconf 44' lang='grc'>,</span> 
     </span>
     <span class='ocr_line' id='line_1_4' title="bbox 86 575 1288 672; baseline -0.004 -25"><span class='ocrx_word' id='word_1_26' title='bbox 86 579 252 672; x_wconf 82' lang='lat' dir='ltr'><strong>fugitivis</strong></span> <span class='ocrx_word' id='word_1_27' title='bbox 271 579 315 646; x_wconf 92' lang='lat' dir='ltr'><strong>ab</strong></span> <span class='ocrx_word' id='word_1_28' title='bbox 341 578 430 646; x_wconf 89' lang='lat' dir='ltr'><strong>saltu</strong></span> <span class='ocrx_word' id='word_1_29' title='bbox 456 575 630 666; x_wconf 84' lang='lat' dir='ltr'><strong>Pyrenaeo</strong></span> <span class='ocrx_word' id='word_1_30' title='bbox 654 575 950 668; x_wconf 76' lang='lat' dir='ltr'><strong>praedonibusque</strong></span> <span class='ocrx_word' id='word_1_31' title='bbox 973 575 1141 644; x_wconf 77' lang='lat' dir='ltr'><strong>licuisset:</strong></span> <span class='ocrx_word' id='word_1_32' title='bbox 1177 599 1288 666; x_wconf 86' lang='lat' dir='ltr'><strong>prae-</strong></span> 
     </span>
     <span class='ocr_line' id='line_1_5' title="bbox 85 674 1285 769; baseline -0.004 -22"><span class='ocrx_word' id='word_1_33' title='bbox 85 679 200 748; x_wconf 80' lang='lat' dir='ltr'><strong>sertim</strong></span> <span class='ocrx_word' id='word_1_34' title='bbox 231 687 271 746; x_wconf 90' lang='lat' dir='ltr'><strong>ut</strong></span> <span class='ocrx_word' id='word_1_35' title='bbox 303 677 341 744; x_wconf 92' lang='lat' dir='ltr'><strong>id</strong></span> <span class='ocrx_word' id='word_1_36' title='bbox 367 686 524 769; x_wconf 77' lang='lat' dir='ltr'><strong>agerent,</strong></span> <span class='ocrx_word' id='word_1_37' title='bbox 552 699 609 743; x_wconf 52' lang='lat' dir='ltr'><strong>ne*</strong></span> <span class='ocrx_word' id='word_1_38' title='bbox 626 678 716 743; x_wconf 85' lang='lat' dir='ltr'><strong>cives</strong></span> <span class='ocrx_word' id='word_1_39' title='bbox 740 697 823 743; x_wconf 66' lang='lat' dir='ltr'><strong>&#39;eum</strong></span> <span class='ocrx_word' id='word_1_40' title='bbox 858 674 1120 744; x_wconf 76' lang='lat' dir='ltr'><strong>eivibnsarmis</strong></span> <span class='ocrx_word' id='word_1_41' title='bbox 1143 674 1285 743; x_wconf 85' lang='lat' dir='ltr'><strong>decer-</strong></span> 
     </span>
     <span class='ocr_line' id='line_1_6' title="bbox 87 775 1284 866; baseline -0.003 -21"><span class='ocrx_word' id='word_1_42' title='bbox 87 775 221 848; x_wconf 68' lang='lat' dir='ltr'><strong>tarent?</strong></span> <span class='ocrx_word' id='word_1_43' title='bbox 246 776 362 845; x_wconf 89' lang='lat' dir='ltr'><strong>Multa</strong></span> <span class='ocrx_word' id='word_1_44' title='bbox 383 776 582 866; x_wconf 74' lang='lat' dir='ltr'><strong>suppliciter</strong></span> <span class='ocrx_word' id='word_1_45' title='bbox 607 776 757 857; x_wconf 88' lang='lat' dir='ltr'><strong>locutus,</strong></span> <span class='ocrx_word' id='word_1_46' title='bbox 787 783 826 842; x_wconf 90' lang='lat' dir='ltr'><strong>ut</strong></span> <span class='ocrx_word' id='word_1_47' title='bbox 848 775 976 842; x_wconf 89' lang='lat' dir='ltr'><strong>desua</strong></span> <span class='ocrx_word' id='word_1_48' title='bbox 997 785 1099 863; x_wconf 91' lang='lat' dir='ltr'><strong>atque</strong></span> <span class='ocrx_word' id='word_1_49' title='bbox 1123 777 1284 841; x_wconf 87' lang='lat' dir='ltr'><strong>omnium</strong></span> 
     </span>
    </p>
   </div>
   <div class='ocr_carea' id='block_1_3' title="bbox 86 872 1287 979">
    <p class='ocr_par' dir='ltr' id='par_1_3' title="bbox 86 872 1287 979">
     <span class='ocr_line' id='line_1_7' title="bbox 86 872 1287 979; baseline -0.003 -35"><span class='ocrx_word' id='word_1_50' title='bbox 86 875 378 960; x_wconf 57' lang='lat' dir='ltr'><strong>salutexdebebat,</strong></span> <span class='ocrx_word' id='word_1_51' title='bbox 396 875 598 963; x_wconf 89' lang='lat' dir='ltr'><strong>silentioque</strong></span> <span class='ocrx_word' id='word_1_52' title='bbox 614 873 657 940; x_wconf 86' lang='lat' dir='ltr'><strong>ab</strong></span> <span class='ocrx_word' id='word_1_53' title='bbox 677 875 830 963; x_wconf 89' lang='lat' dir='ltr'><strong>utrisque</strong></span> <span class='ocrx_word' id='word_1_54' title='bbox 846 872 1011 962; x_wconf 77' lang='lat' dir='ltr'><strong>militibus</strong></span> <span class='ocrx_word' id='word_1_55' title='bbox 1032 873 1179 940; x_wconf 84' lang='lat' dir='ltr'><strong>auditus.</strong></span> <span class='ocrx_word' id='word_1_56' title='bbox 1207 873 1287 979; x_wconf 63' lang='lat' dir='ltr'><strong>lte,</strong></span> 
     </span>
    </p>
   </div>
   <div class='ocr_carea' id='block_1_4' title="bbox 84 971 1334 2456">
    <p class='ocr_par' dir='ltr' id='par_1_4' title="bbox 84 971 1334 2356">
     <span class='ocr_line' id='line_1_8' title="bbox 88 971 1283 1067; baseline -0.003 -25"><span class='ocrx_word' id='word_1_57' title='bbox 88 997 250 1067; x_wconf 86' lang='lat' dir='ltr'><strong>sponsum</strong></span> <span class='ocrx_word' id='word_1_58' title='bbox 268 984 321 1042; x_wconf 85' lang='lat' dir='ltr'><strong>est</strong></span> <span class='ocrx_word' id='word_1_59' title='bbox 341 975 384 1042; x_wconf 90' lang='lat' dir='ltr'><strong>ab</strong></span> <span class='ocrx_word' id='word_1_60' title='bbox 403 974 509 1040; x_wconf 86' lang='lat' dir='ltr'><strong>altera</strong></span> <span class='ocrx_word' id='word_1_61' title='bbox 524 982 638 1064; x_wconf 80' lang='lat' dir='ltr'><strong>parte,</strong></span> <span class='ocrx_word' id='word_1_62' title='bbox 655 972 696 1041; x_wconf 74' lang='lat' dir='ltr'>A</span> <span class='ocrx_word' id='word_1_63' title='bbox 710 973 898 1042; x_wconf 87' lang='lat' dir='ltr'><strong>Varronem</strong></span> <span class='ocrx_word' id='word_1_64' title='bbox 915 971 1086 1063; x_wconf 81' lang='lat' dir='ltr'><strong>profiteri,</strong></span> <span class='ocrx_word' id='word_1_65' title='bbox 1107 993 1145 1040; x_wconf 89' lang='lat' dir='ltr'><strong>se</strong></span> <span class='ocrx_word' id='word_1_66' title='bbox 1165 971 1283 1041; x_wconf 84' lang='lat' dir='ltr'><strong>altero</strong></span> 
     </span>
     <span class='ocr_line' id='line_1_9' title="bbox 88 1067 1282 1169; baseline -0.002 -27"><span class='ocrx_word' id='word_1_67' title='bbox 88 1075 145 1142; x_wconf 91' lang='lat' dir='ltr'><strong>die</strong></span> <span class='ocrx_word' id='word_1_68' title='bbox 166 1074 210 1140; x_wconf 90' lang='lat' dir='ltr'><strong>ad</strong></span> <span class='ocrx_word' id='word_1_69' title='bbox 230 1073 439 1162; x_wconf 80' lang='lat' dir='ltr'><strong>colloquium</strong></span> <span class='ocrx_word' id='word_1_70' title='bbox 461 1081 660 1158; x_wconf 81' lang='lat' dir='ltr'><strong>venturum,</strong></span> <span class='ocrx_word' id='word_1_71' title='bbox 677 1067 861 1161; x_wconf 76' lang='lat' dir='ltr'><strong>atque&#39;una</strong></span> <span class='ocrx_word' id='word_1_72' title='bbox 880 1071 1009 1158; x_wconf 79' lang='lat' dir='ltr'><strong>etiam,</strong></span> <span class='ocrx_word' id='word_1_73' title='bbox 1021 1071 1079 1142; x_wconf 89' lang='lat' dir='ltr'><strong>ubi</strong></span> <span class='ocrx_word' id='word_1_74' title='bbox 1100 1071 1282 1169; x_wconf 74' lang='lat' dir='ltr'><strong>utrimque</strong></span> 
     </span>
     <span class='ocr_line' id='line_1_10' title="bbox 90 1167 1281 1264; baseline -0.002 -24"><span class='ocrx_word' id='word_1_75' title='bbox 90 1168 273 1240; x_wconf 84' lang='lat' dir='ltr'><strong>admodum</strong></span> <span class='ocrx_word' id='word_1_76' title='bbox 288 1181 363 1240; x_wconf 89' lang='lat' dir='ltr'><strong>tuto</strong></span> <span class='ocrx_word' id='word_1_77' title='bbox 378 1171 486 1264; x_wconf 82' lang='lat' dir='ltr'><strong>legati</strong></span> <span class='ocrx_word' id='word_1_78' title='bbox 498 1171 678 1257; x_wconf 79' lang='lat' dir='ltr'><strong>venire&#39;et,</strong></span> <span class='ocrx_word' id='word_1_79' title='bbox 687 1193 774 1260; x_wconf 91' lang='lat' dir='ltr'><strong>quae</strong></span> <span class='ocrx_word' id='word_1_80' title='bbox 789 1171 926 1257; x_wconf 88' lang='lat' dir='ltr'><strong>vellent,</strong></span> <span class='ocrx_word' id='word_1_81' title='bbox 941 1167 1108 1262; x_wconf 77' lang='lat' dir='ltr'><strong>exponere</strong></span> <span class='ocrx_word' id='word_1_82' title='bbox 1121 1181 1281 1262; x_wconf 73' lang='grc' dir='ltr'>ροεειιιι,</span> 
     </span>
     <span class='ocr_line' id='line_1_11' title="bbox 88 1267 1280 1362; baseline -0.003 -20"><span class='ocrx_word' id='word_1_83' title='bbox 88 1281 288 1361; x_wconf 87' lang='lat' dir='ltr'><strong>certumque</strong></span> <span class='ocrx_word' id='word_1_84' title='bbox 304 1273 336 1339; x_wconf 87' lang='lat' dir='ltr'><strong>ei</strong></span> <span class='ocrx_word' id='word_1_85' title='bbox 352 1272 401 1341; x_wconf 90' lang='lat' dir='ltr'><strong>rei</strong></span> <span class='ocrx_word' id='word_1_86' title='bbox 417 1280 555 1362; x_wconf 86' lang='lat' dir='ltr'><strong>tempus</strong></span> <span class='ocrx_word' id='word_1_87' title='bbox 571 1267 795 1341; x_wconf 83' lang='lat' dir='ltr'><strong>constituitur.</strong></span> <span class='ocrx_word' id='word_1_88' title='bbox 813 1272 893 1357; x_wconf 78' lang='lat' dir='ltr'><strong>Quo</strong></span> <span class='ocrx_word' id='word_1_89' title='bbox 909 1287 1014 1360; x_wconf 89' lang='lat' dir='ltr'><strong>quum</strong></span> <span class='ocrx_word' id='word_1_90' title='bbox 1031 1269 1120 1338; x_wconf 84' lang='lat' dir='ltr'><strong>esset</strong></span> <span class='ocrx_word' id='word_1_91' title='bbox 1132 1281 1280 1360; x_wconf 87' lang='lat' dir='ltr'><strong>postero</strong></span> 
     </span>
     <span class='ocr_line' id='line_1_12' title="bbox 85 1369 1280 1466; baseline -0.001 -27"><span class='ocrx_word' id='word_1_92' title='bbox 85 1372 142 1440; x_wconf 93' lang='lat' dir='ltr'><strong>die</strong></span> <span class='ocrx_word' id='word_1_93' title='bbox 166 1380 324 1466; x_wconf 78' lang='lat' dir='ltr'><strong>ventum,</strong></span> <span class='ocrx_word' id='word_1_94' title='bbox 347 1392 471 1463; x_wconf 85' lang='lat' dir='ltr'><strong>magna</strong></span> <span class='ocrx_word' id='word_1_95' title='bbox 489 1369 662 1459; x_wconf 87' lang='lat' dir='ltr'><strong>utrimque</strong></span> <span class='ocrx_word' id='word_1_96' title='bbox 680 1370 864 1439; x_wconf 89' lang='lat' dir='ltr'><strong>multitudo</strong></span> <span class='ocrx_word' id='word_1_97' title='bbox 883 1369 1058 1455; x_wconf 87' lang='lat' dir='ltr'><strong>convenit,</strong></span> <span class='ocrx_word' id='word_1_98' title='bbox 1080 1382 1280 1462; x_wconf 83' lang='lat' dir='ltr'><strong>magnaque</strong></span> 
     </span>
     <span class='ocr_line' id='line_1_13' title="bbox 86 1468 1279 1562; baseline -0.002 -23"><span class='ocrx_word' id='word_1_99' title='bbox 86 1480 159 1540; x_wconf 87' lang='lat' dir='ltr'><strong>erat</strong></span> <span class='ocrx_word' id='word_1_100' title='bbox 173 1469 248 1562; x_wconf 86' lang='lat' dir='ltr'><strong>ejus</strong></span> <span class='ocrx_word' id='word_1_101' title='bbox 266 1471 317 1539; x_wconf 87' lang='lat' dir='ltr'><strong>rei</strong></span> <span class='ocrx_word' id='word_1_102' title='bbox 333 1471 542 1562; x_wconf 83' lang='lat' dir='ltr'><strong>exspectatio</strong></span> <span class='ocrx_word' id='word_1_103' title='bbox 558 1477 661 1560; x_wconf 91' lang='lat' dir='ltr'><strong>atque</strong></span> <span class='ocrx_word' id='word_1_104' title='bbox 674 1468 824 1538; x_wconf 89' lang='lat' dir='ltr'><strong>omnium</strong></span> <span class='ocrx_word' id='word_1_105' title='bbox 839 1468 958 1537; x_wconf 86' lang='lat' dir='ltr'><strong>intenti</strong></span> <span class='ocrx_word' id='word_1_106' title='bbox 976 1469 1076 1538; x_wconf 90' lang='lat' dir='ltr'><strong>animi</strong></span> <span class='ocrx_word' id='word_1_107' title='bbox 1089 1469 1133 1536; x_wconf 89' lang='lat' dir='ltr'><strong>ad</strong></span> <span class='ocrx_word' id='word_1_108' title='bbox 1152 1491 1279 1558; x_wconf 89' lang='lat' dir='ltr'><strong>pacem</strong></span> 
     </span>
     <span class='ocr_line' id='line_1_14' title="bbox 86 1563 1277 1660; baseline -0.002 -22"><span class='ocrx_word' id='word_1_109' title='bbox 86 1591 162 1645; x_wconf 83' lang='lat' dir='ltr'><strong>esse</strong></span> <span class='ocrx_word' id='word_1_110' title='bbox 180 1569 389 1638; x_wconf 87' lang='lat' dir='ltr'><strong>videbantur.</strong></span> <span class='ocrx_word' id='word_1_111' title='bbox 416 1570 492 1654; x_wconf 80' lang='lat' dir='ltr'><strong>Qua</strong></span> <span class='ocrx_word' id='word_1_112' title='bbox 509 1563 552 1637; x_wconf 75' lang='lat' dir='ltr'><strong>en</strong></span> <span class='ocrx_word' id='word_1_113' title='bbox 572 1568 762 1660; x_wconf 85' lang='lat' dir='ltr'><strong>frequentia</strong></span> <span class='ocrx_word' id='word_1_114' title='bbox 783 1567 827 1636; x_wconf 88' lang='lat' dir='ltr'><strong>T.</strong></span> <span class='ocrx_word' id='word_1_115' title='bbox 842 1567 1011 1636; x_wconf 78' lang='lat' dir='ltr'><strong>[abienus</strong></span> <span class='ocrx_word' id='word_1_116' title='bbox 1033 1568 1166 1660; x_wconf 82' lang='lat' dir='ltr'><strong>prodit,</strong></span> <span class='ocrx_word' id='word_1_117' title='bbox 1188 1569 1277 1637; x_wconf 81' lang='lat' dir='ltr'><strong>sub-</strong></span> 
     </span>
     <span class='ocr_line' id='line_1_15' title="bbox 87 1667 1276 1759; baseline -0.001 -23"><span class='ocrx_word' id='word_1_118' title='bbox 87 1670 189 1737; x_wconf 84' lang='lat' dir='ltr'><strong>missa</strong></span> <span class='ocrx_word' id='word_1_119' title='bbox 208 1669 359 1737; x_wconf 89' lang='lat' dir='ltr'><strong>oratione</strong></span> <span class='ocrx_word' id='word_1_120' title='bbox 383 1669 479 1758; x_wconf 86' lang='lat' dir='ltr'><strong>loqui</strong></span> <span class='ocrx_word' id='word_1_121' title='bbox 496 1669 541 1736; x_wconf 90' lang='lat' dir='ltr'><strong>de</strong></span> <span class='ocrx_word' id='word_1_122' title='bbox 559 1689 645 1759; x_wconf 87' lang='lat' dir='ltr'><strong>paee</strong></span> <span class='ocrx_word' id='word_1_123' title='bbox 669 1678 772 1757; x_wconf 88' lang='lat' dir='ltr'><strong>atque</strong></span> <span class='ocrx_word' id='word_1_124' title='bbox 791 1669 946 1756; x_wconf 88' lang='lat' dir='ltr'><strong>altercari</strong></span> <span class='ocrx_word' id='word_1_125' title='bbox 965 1689 1044 1735; x_wconf 89' lang='lat' dir='ltr'><strong>oum</strong></span> <span class='ocrx_word' id='word_1_126' title='bbox 1063 1667 1203 1734; x_wconf 84' lang='lat' dir='ltr'><strong>Vatinio</strong></span> <span class='ocrx_word' id='word_1_127' title='bbox 1223 1667 1276 1735; x_wconf 90' lang='lat' dir='ltr'><strong>in-</strong></span> 
     </span>
     <span class='ocr_line' id='line_1_16' title="bbox 86 1767 1276 1860; baseline -0.001 -24"><span class='ocrx_word' id='word_1_128' title='bbox 86 1770 178 1860; x_wconf 82' lang='lat' dir='ltr'><strong>cipit.</strong></span> <span class='ocrx_word' id='word_1_129' title='bbox 198 1769 352 1854; x_wconf 79' lang='lat' dir='ltr'><strong>Quorum</strong></span> <span class='ocrx_word' id='word_1_130' title='bbox 366 1768 512 1835; x_wconf 89' lang='lat' dir='ltr'><strong>mediam</strong></span> <span class='ocrx_word' id='word_1_131' title='bbox 531 1769 713 1836; x_wconf 82' lang='lat' dir='ltr'><strong>orationem</strong></span> <span class='ocrx_word' id='word_1_132' title='bbox 727 1769 976 1857; x_wconf 88' lang='lat' dir='ltr'><strong>interrumpunt</strong></span> <span class='ocrx_word' id='word_1_133' title='bbox 992 1767 1143 1856; x_wconf 89' lang='lat' dir='ltr'><strong>undique</strong></span> <span class='ocrx_word' id='word_1_134' title='bbox 1159 1767 1276 1836; x_wconf 89' lang='lat' dir='ltr'><strong>subito</strong></span> 
     </span>
     <span class='ocr_line' id='line_1_17' title="bbox 85 1865 1274 1955; baseline 0 -21"><span class='ocrx_word' id='word_1_135' title='bbox 85 1866 156 1953; x_wconf 79' lang='lat' dir='ltr'><strong>tela</strong></span> <span class='ocrx_word' id='word_1_136' title='bbox 174 1865 333 1951; x_wconf 90' lang='lat' dir='ltr'><strong>immissa,</strong></span> <span class='ocrx_word' id='word_1_137' title='bbox 350 1888 437 1955; x_wconf 91' lang='lat' dir='ltr'><strong>quae</strong></span> <span class='ocrx_word' id='word_1_138' title='bbox 457 1867 516 1934; x_wconf 89' lang='lat' dir='ltr'><strong>ille</strong></span> <span class='ocrx_word' id='word_1_139' title='bbox 536 1867 691 1936; x_wconf 89' lang='lat' dir='ltr'><strong>obtectus</strong></span> <span class='ocrx_word' id='word_1_140' title='bbox 710 1867 813 1935; x_wconf 87' lang='lat' dir='ltr'><strong>armis</strong></span> <span class='ocrx_word' id='word_1_141' title='bbox 830 1867 975 1934; x_wconf 86' lang='lat' dir='ltr'><strong>militnm</strong></span> <span class='ocrx_word' id='word_1_142' title='bbox 991 1868 1118 1934; x_wconf 83' lang='lat' dir='ltr'><strong>vitavit.</strong></span> <span class='ocrx_word' id='word_1_143' title='bbox 1139 1865 1274 1934; x_wconf 56' lang='lat' dir='ltr'><strong>Voluca</strong></span> 
     </span>
     <span class='ocr_line' id='line_1_18' title="bbox 86 1961 1274 2057; baseline 0.001 -24"><span class='ocrx_word' id='word_1_144' title='bbox 86 1961 202 2033; x_wconf 87' lang='lat' dir='ltr'><strong>rantur</strong></span> <span class='ocrx_word' id='word_1_145' title='bbox 220 1974 333 2032; x_wconf 88' lang='lat' dir='ltr'><strong>tamen</strong></span> <span class='ocrx_word' id='word_1_146' title='bbox 344 1965 556 2057; x_wconf 89' lang='lat' dir='ltr'><strong>complures,</strong></span> <span class='ocrx_word' id='word_1_147' title='bbox 576 1967 608 2033; x_wconf 92' lang='lat' dir='ltr'><strong>in</strong></span> <span class='ocrx_word' id='word_1_148' title='bbox 630 1965 686 2034; x_wconf 89' lang='lat' dir='ltr'><strong>his</strong></span> <span class='ocrx_word' id='word_1_149' title='bbox 704 1967 883 2036; x_wconf 77' lang='lat' dir='ltr'><strong>Cornelius</strong></span> <span class='ocrx_word' id='word_1_150' title='bbox 900 1965 1048 2052; x_wconf 87' lang='lat' dir='ltr'><strong>Balbus,</strong></span> <span class='ocrx_word' id='word_1_151' title='bbox 1064 1967 1114 2034; x_wconf 90' lang='grc' dir='ltr'><strong>Μ.</strong></span> <span class='ocrx_word' id='word_1_152' title='bbox 1127 1964 1274 2051; x_wconf 86' lang='lat' dir='ltr'><strong>Plotius,</strong></span> 
     </span>
     <span class='ocr_line' id='line_1_19' title="bbox 85 2059 1274 2157; baseline 0.001 -26"><span class='ocrx_word' id='word_1_153' title='bbox 85 2063 125 2131; x_wconf 87' lang='lat' dir='ltr'><strong>L.</strong></span> <span class='ocrx_word' id='word_1_154' title='bbox 149 2063 344 2150; x_wconf 82' lang='lat' dir='ltr'><strong>Tiburtius,</strong></span> <span class='ocrx_word' id='word_1_155' title='bbox 356 2064 575 2134; x_wconf 80' lang='lat' dir='ltr'><strong>Centuriones</strong></span> <span class='ocrx_word' id='word_1_156' title='bbox 591 2059 783 2157; x_wconf 88' lang='lat' dir='ltr'><strong>militesque</strong></span> <span class='ocrx_word' id='word_1_157' title='bbox 800 2065 960 2134; x_wconf 90' lang='lat' dir='ltr'><strong>nonnulli.</strong></span> <span class='ocrx_word' id='word_1_158' title='bbox 984 2064 1077 2133; x_wconf 84' lang='lat' dir='ltr'><strong>Tum</strong></span> <span class='ocrx_word' id='word_1_159' title='bbox 1090 2063 1274 2152; x_wconf 81' lang='lat' dir='ltr'><strong>Labienus,</strong></span> 
     </span>
     <span class='ocr_line' id='line_1_20' title="bbox 85 2160 1334 2257; baseline 0.003 -26"><span class='ocrx_word' id='word_1_160' title='bbox 85 2163 237 2232; x_wconf 85' lang='lat' dir='ltr'><strong>Desinite</strong></span> <span class='ocrx_word' id='word_1_161' title='bbox 250 2187 336 2256; x_wconf 85' lang='lat' dir='ltr'><strong>ergo</strong></span> <span class='ocrx_word' id='word_1_162' title='bbox 352 2164 396 2232; x_wconf 90' lang='lat' dir='ltr'><strong>de</strong></span> <span class='ocrx_word' id='word_1_163' title='bbox 414 2165 659 2257; x_wconf 89' lang='lat' dir='ltr'><strong>compositione</strong></span> <span class='ocrx_word' id='word_1_164' title='bbox 680 2166 792 2257; x_wconf 90' lang='lat' dir='ltr'><strong>loqui:</strong></span> <span class='ocrx_word' id='word_1_165' title='bbox 813 2189 891 2233; x_wconf 91' lang='lat' dir='ltr'><strong>nam</strong></span> <span class='ocrx_word' id='word_1_166' title='bbox 906 2160 1018 2252; x_wconf 90' lang='lat' dir='ltr'><strong>nobis,</strong></span> <span class='ocrx_word' id='word_1_167' title='bbox 1035 2163 1103 2232; x_wconf 75' lang='lat' dir='ltr'><strong>&#39;nisi</strong></span> <span class='ocrx_word' id='word_1_168' title='bbox 1117 2164 1273 2234; x_wconf 83' lang='lat' dir='ltr'><strong>Caesaris</strong></span> <span class='ocrx_word' id='word_1_169' title='bbox 1333 2161 1334 2166; x_wconf 59' lang='grc'>’</span> 
     </span>
     <span class='ocr_line' id='line_1_21' title="bbox 84 2259 1201 2356; baseline 0.004 -24"><span class='ocrx_word' id='word_1_170' title='bbox 84 2265 196 2354; x_wconf 86' lang='lat' dir='ltr'><strong>eapite</strong></span> <span class='ocrx_word' id='word_1_171' title='bbox 216 2263 342 2348; x_wconf 84' lang='lat' dir='ltr'><strong>relato,</strong></span> <span class='ocrx_word' id='word_1_172' title='bbox 363 2259 430 2356; x_wconf 82' lang='lat' dir='ltr'><strong>pax</strong></span> <span class='ocrx_word' id='word_1_173' title='bbox 446 2287 521 2332; x_wconf 88' lang='lat' dir='ltr'><strong>esse</strong></span> <span class='ocrx_word' id='word_1_174' title='bbox 540 2266 633 2333; x_wconf 92' lang='lat' dir='ltr'><strong>nulla</strong></span> <span class='ocrx_word' id='word_1_175' title='bbox 651 2265 774 2356; x_wconf 77' lang='lat' dir='ltr'><strong>potest.</strong></span> <span class='ocrx_word' id='word_1_176' title='bbox 797 2301 801 2306; x_wconf 70' lang='lat'><em>=</em></span> <span class='ocrx_word' id='word_1_177' title='bbox 830 2267 831 2272; x_wconf 71' lang='grc'>’</span> <span class='ocrx_word' id='word_1_178' title='bbox 1068 2277 1072 2288; x_wconf 77' lang='grc'><strong>”</strong></span> <span class='ocrx_word' id='word_1_179' title='bbox 1197 2285 1201 2296; x_wconf 84' lang='grc'><em>“</em></span> 
     </span>
    </p>

    <p class='ocr_par' dir='ltr' id='par_1_5' title="bbox 185 2362 1273 2456">
     <span class='ocr_line' id='line_1_22' title="bbox 185 2362 1273 2456; baseline 0.003 -25"><span class='ocrx_word' id='word_1_180' title='bbox 185 2362 243 2431; x_wconf 81' lang='lat'><strong>2⁰.</strong></span> <span class='ocrx_word' id='word_1_181' title='bbox 268 2362 394 2432; x_wconf 87' lang='lat' dir='ltr'><strong>lisdem</strong></span> <span class='ocrx_word' id='word_1_182' title='bbox 419 2365 629 2456; x_wconf 87' lang='lat' dir='ltr'><strong>temporibus</strong></span> <span class='ocrx_word' id='word_1_183' title='bbox 647 2365 778 2433; x_wconf 88' lang='lat' dir='ltr'><strong>Romae</strong></span> <span class='ocrx_word' id='word_1_184' title='bbox 797 2365 848 2434; x_wconf 88' lang='grc' dir='ltr'><strong>Μ.</strong></span> <span class='ocrx_word' id='word_1_185' title='bbox 866 2362 1003 2433; x_wconf 80' lang='lat' dir='ltr'><strong>(ioelirs</strong></span> <span class='ocrx_word' id='word_1_186' title='bbox 1024 2364 1149 2450; x_wconf 80' lang='lat' dir='ltr'><strong>Rufus,</strong></span> <span class='ocrx_word' id='word_1_187' title='bbox 1166 2366 1273 2434; x_wconf 86' lang='lat' dir='ltr'><strong>Prae-</strong></span> 
     </span>
    </p>
   </div>
   <div class='ocr_carea' id='block_1_5' title="bbox 85 2461 1333 2571">
    <p class='ocr_par' dir='ltr' id='par_1_6' title="bbox 85 2459 1333 2571">
     <span class='ocr_line' id='line_1_23' title="bbox 85 2461 1333 2571; baseline 0.003 -41"><span class='ocrx_word' id='word_1_188' title='bbox 85 2473 160 2550; x_wconf 88' lang='lat' dir='ltr'><strong>tor,</strong></span> <span class='ocrx_word' id='word_1_189' title='bbox 182 2483 300 2532; x_wconf 83' lang='lat' dir='ltr'><strong>oaussa</strong></span> <span class='ocrx_word' id='word_1_190' title='bbox 321 2461 524 2571; x_wconf 86' lang='lat' dir='ltr'><strong>debitorum</strong></span> <span class='ocrx_word' id='word_1_191' title='bbox 542 2475 719 2558; x_wconf 84' lang='lat' dir='ltr'><strong>suscepta,</strong></span> <span class='ocrx_word' id='word_1_192' title='bbox 751 2463 847 2534; x_wconf 90' lang='lat' dir='ltr'><strong>initio</strong></span> <span class='ocrx_word' id='word_1_193' title='bbox 868 2464 1092 2558; x_wconf 76' lang='lat' dir='ltr'><strong>Magistratus</strong></span> <span class='ocrx_word' id='word_1_194' title='bbox 1122 2465 1271 2536; x_wconf 83' lang='lat' dir='ltr'><strong>tribunal</strong></span> <span class='ocrx_word' id='word_1_195' title='bbox 1332 2469 1333 2550; x_wconf 74' lang='lat' dir='ltr'>j</span> 
     </span>
    </p>
   </div>
   <div class='ocr_carea' id='block_1_6' title="bbox 79 2655 1332 4510">
    <p class='ocr_par' dir='ltr' id='par_1_7' title="bbox 79 2655 1332 4510">
     <span class='ocr_line' id='line_1_24' title="bbox 85 2655 1270 2728; baseline 0.003 -19"><span class='ocrx_word' id='word_1_196' title='bbox 85 2659 189 2720; x_wconf 64' lang='lat' dir='ltr'><strong>arbim,</strong></span> <span class='ocrx_word' id='word_1_197' title='bbox 213 2675 236 2709; x_wconf 85' lang='grc' dir='ltr'><strong>ι.</strong></span> <span class='ocrx_word' id='word_1_198' title='bbox 260 2655 332 2710; x_wconf 62' lang='lat' dir='ltr'><strong>nv·</strong></span> <span class='ocrx_word' id='word_1_199' title='bbox 348 2656 392 2714; x_wconf 71' lang='lat' dir='ltr'><strong>lb.</strong></span> <span class='ocrx_word' id='word_1_200' title='bbox 415 2658 592 2725; x_wconf 58' lang='lat' dir='ltr'><strong>-taurtm</strong></span> <span class='ocrx_word' id='word_1_201' title='bbox 616 2659 762 2728; x_wconf 61' lang='lat' dir='ltr'><strong>sununs,</strong></span> <span class='ocrx_word' id='word_1_202' title='bbox 785 2675 806 2712; x_wconf 85' lang='lat' dir='ltr'><strong>s.</strong></span> <span class='ocrx_word' id='word_1_203' title='bbox 824 2677 849 2713; x_wconf 83' lang='lat' dir='ltr'><strong>a.</strong></span> <span class='ocrx_word' id='word_1_204' title='bbox 866 2657 957 2714; x_wconf 66' lang='lat' dir='ltr'><strong>Uli.</strong></span> <span class='ocrx_word' id='word_1_205' title='bbox 973 2658 1018 2713; x_wconf 78' lang='lat'><strong>54.</strong></span> <span class='ocrx_word' id='word_1_206' title='bbox 1041 2687 1074 2726; x_wconf 66' lang='lat'><strong>7·-</strong></span> <span class='ocrx_word' id='word_1_207' title='bbox 1095 2676 1159 2727; x_wconf 76' lang='lat' dir='ltr'><strong>per</strong></span> <span class='ocrx_word' id='word_1_208' title='bbox 1247 2699 1270 2724; x_wconf 90' lang='lat'><strong>.,</strong></span> 
     </span>
     <span class='ocr_line' id='line_1_25' title="bbox 86 2723 1270 2792; baseline 0.003 -18"><span class='ocrx_word' id='word_1_209' title='bbox 86 2723 191 2782; x_wconf 63' lang='lat' dir='ltr'><strong>durnin</strong></span> <span class='ocrx_word' id='word_1_210' title='bbox 204 2727 342 2792; x_wconf 66' lang='lat' dir='ltr'><strong>remige,</strong></span> <span class='ocrx_word' id='word_1_211' title='bbox 357 2741 381 2775; x_wconf 85' lang='grc' dir='ltr'><strong>ιι</strong></span> <span class='ocrx_word' id='word_1_212' title='bbox 417 2741 449 2777; x_wconf 81' lang='lat' dir='ltr'><strong>en</strong></span> <span class='ocrx_word' id='word_1_213' title='bbox 465 2726 514 2778; x_wconf 90' lang='lat' dir='ltr'><strong>der</strong></span> <span class='ocrx_word' id='word_1_214' title='bbox 529 2726 754 2780; x_wconf 78' lang='lat' dir='ltr'><strong>Uebereinlrunlt.</strong></span> <span class='ocrx_word' id='word_1_215' title='bbox 764 2752 799 2765; x_wconf 85' lang='lat'><em>-</em></span> <span class='ocrx_word' id='word_1_216' title='bbox 809 2727 889 2778; x_wconf 84' lang='lat' dir='ltr'><strong>mittit</strong></span> <span class='ocrx_word' id='word_1_217' title='bbox 905 2741 943 2779; x_wconf 81' lang='lat' dir='ltr'><strong>sc.</strong></span> <span class='ocrx_word' id='word_1_218' title='bbox 954 2724 1076 2791; x_wconf 66' lang='lat' dir='ltr'><strong>Caeam</strong></span> <span class='ocrx_word' id='word_1_219' title='bbox 1093 2743 1124 2777; x_wconf 82' lang='lat' dir='ltr'><strong>er</strong></span> <span class='ocrx_word' id='word_1_220' title='bbox 1136 2743 1171 2778; x_wconf 76' lang='lat' dir='ltr'><strong>ae</strong></span> <span class='ocrx_word' id='word_1_221' title='bbox 1193 2726 1270 2778; x_wconf 85' lang='lat' dir='ltr'><strong>lielrt</strong></span> 
     </span>
     <span class='ocr_line' id='line_1_26' title="bbox 85 2789 1269 2862; baseline 0.006 -23"><span class='ocrx_word' id='word_1_222' title='bbox 85 2789 145 2841; x_wconf 81' lang='lat' dir='ltr'><strong>riob</strong></span> <span class='ocrx_word' id='word_1_223' title='bbox 164 2790 255 2844; x_wconf 80' lang='lat' dir='ltr'><strong>dieser</strong></span> <span class='ocrx_word' id='word_1_224' title='bbox 270 2789 336 2842; x_wconf 83' lang='lat' dir='ltr'><strong>Sata</strong></span> <span class='ocrx_word' id='word_1_225' title='bbox 352 2805 403 2841; x_wconf 86' lang='lat' dir='ltr'><strong>uno</strong></span> <span class='ocrx_word' id='word_1_226' title='bbox 440 2806 475 2843; x_wconf 86' lang='lat' dir='ltr'><strong>an</strong></span> <span class='ocrx_word' id='word_1_227' title='bbox 491 2792 544 2844; x_wconf 91' lang='lat' dir='ltr'><strong>den</strong></span> <span class='ocrx_word' id='word_1_228' title='bbox 560 2793 662 2846; x_wconf 80' lang='lat' dir='ltr'><strong>letaten</strong></span> <span class='ocrx_word' id='word_1_229' title='bbox 673 2791 739 2846; x_wconf 79' lang='lat' dir='ltr'><strong>Sata</strong></span> <span class='ocrx_word' id='word_1_230' title='bbox 757 2793 805 2844; x_wconf 80' lang='lat' dir='ltr'><strong>der</strong></span> <span class='ocrx_word' id='word_1_231' title='bbox 821 2792 937 2862; x_wconf 73' lang='lat' dir='ltr'><strong>rotigen</strong></span> <span class='ocrx_word' id='word_1_232' title='bbox 952 2791 1018 2859; x_wconf 83' lang='lat' dir='ltr'><strong>Gap.</strong></span> <span class='ocrx_word' id='word_1_233' title='bbox 1034 2794 1269 2860; x_wconf 53' lang='lat' dir='ltr'><strong>ann-pertinere,</strong></span> 
     </span>
     <span class='ocr_line' id='line_1_27' title="bbox 85 2855 1332 2974; baseline 0.007 -67"><span class='ocrx_word' id='word_1_234' title='bbox 85 2872 107 2906; x_wconf 85' lang='grc' dir='ltr'><strong>ι.</strong></span> <span class='ocrx_word' id='word_1_235' title='bbox 124 2873 148 2908; x_wconf 82' lang='grc' dir='ltr'><strong>ι.</strong></span> <span class='ocrx_word' id='word_1_236' title='bbox 165 2855 187 2909; x_wconf 92' lang='lat' dir='ltr'><strong>l.</strong></span> <span class='ocrx_word' id='word_1_237' title='bbox 203 2855 229 2908; x_wconf 82' lang='lat' dir='ltr'><strong>u.</strong></span> <span class='ocrx_word' id='word_1_238' title='bbox 244 2883 278 2894; x_wconf 92' lang='lat'>-</span> <span class='ocrx_word' id='word_1_239' title='bbox 293 2869 395 2974; x_wconf 60' lang='lat' dir='ltr'><strong>nuffar</strong></span> <span class='ocrx_word' id='word_1_240' title='bbox 410 2873 487 2920; x_wconf 81' lang='lat' dir='ltr'><strong>ecee,</strong></span> <span class='ocrx_word' id='word_1_241' title='bbox 503 2873 565 2909; x_wconf 72' lang='lat' dir='ltr'><strong>aa.</strong></span> <span class='ocrx_word' id='word_1_242' title='bbox 583 2859 629 2912; x_wconf 84' lang='lat' dir='ltr'><strong>lv.</strong></span> <span class='ocrx_word' id='word_1_243' title='bbox 645 2857 689 2911; x_wconf 73' lang='lat'><strong>25.</strong></span> <span class='ocrx_word' id='word_1_244' title='bbox 703 2887 738 2898; x_wconf 87' lang='lat'>-</span> <span class='ocrx_word' id='word_1_245' title='bbox 751 2859 941 2925; x_wconf 71' lang='lat' dir='ltr'><strong>prmunriare,</strong></span> <span class='ocrx_word' id='word_1_246' title='bbox 957 2874 979 2910; x_wconf 88' lang='grc' dir='ltr'><strong>ι.</strong></span> <span class='ocrx_word' id='word_1_247' title='bbox 995 2872 1020 2910; x_wconf 80' lang='grc' dir='ltr'><strong>ι.</strong></span> <span class='ocrx_word' id='word_1_248' title='bbox 1037 2858 1084 2910; x_wconf 82' lang='lat' dir='ltr'><strong>lv.</strong></span> <span class='ocrx_word' id='word_1_249' title='bbox 1099 2856 1124 2912; x_wconf 72' lang='lat' dir='ltr'><strong>b.</strong></span> <span class='ocrx_word' id='word_1_250' title='bbox 1141 2859 1270 2926; x_wconf 72' lang='lat' dir='ltr'><strong>-fugi-</strong></span> <span class='ocrx_word' id='word_1_251' title='bbox 1331 2911 1332 2916; x_wconf 75' lang='grc'>,</span> 
     </span>
     <span class='ocr_line' id='line_1_28' title="bbox 85 2921 1269 2992; baseline 0.004 -21"><span class='ocrx_word' id='word_1_252' title='bbox 85 2921 170 2987; x_wconf 76' lang='lat' dir='ltr'><strong>rivus,</strong></span> <span class='ocrx_word' id='word_1_253' title='bbox 195 2937 216 2972; x_wconf 87' lang='grc' dir='ltr'><strong>ι.</strong></span> <span class='ocrx_word' id='word_1_254' title='bbox 234 2937 257 2972; x_wconf 85' lang='grc' dir='ltr'><strong>ι.</strong></span> <span class='ocrx_word' id='word_1_255' title='bbox 274 2921 308 2974; x_wconf 77' lang='lat' dir='ltr'><strong>(i.</strong></span> <span class='ocrx_word' id='word_1_256' title='bbox 363 2921 385 2974; x_wconf 91' lang='lat' dir='ltr'><strong>l.</strong></span> <span class='ocrx_word' id='word_1_257' title='bbox 408 2921 450 2976; x_wconf 73' lang='lat'><strong>18.</strong></span> <span class='ocrx_word' id='word_1_258' title='bbox 476 2953 508 2962; x_wconf 97' lang='lat'><em>-</em></span> <span class='ocrx_word' id='word_1_259' title='bbox 525 2924 639 2992; x_wconf 75' lang='lat' dir='ltr'><strong>fugitivi</strong></span> <span class='ocrx_word' id='word_1_260' title='bbox 654 2925 688 2974; x_wconf 87' lang='lat' dir='ltr'><strong>ab</strong></span> <span class='ocrx_word' id='word_1_261' title='bbox 704 2925 789 2976; x_wconf 67' lang='grc' dir='ltr'><strong>ιιιῐιιιΙ</strong></span> <span class='ocrx_word' id='word_1_262' title='bbox 844 2961 869 2988; x_wconf 86' lang='grc'><strong>.,</strong></span> <span class='ocrx_word' id='word_1_263' title='bbox 892 2923 953 2976; x_wconf 87' lang='lat' dir='ltr'><strong>eine</strong></span> <span class='ocrx_word' id='word_1_264' title='bbox 976 2923 1177 2982; x_wconf 80' lang='lat' dir='ltr'><strong>nnmittelbere</strong></span> <span class='ocrx_word' id='word_1_265' title='bbox 1201 2927 1269 2980; x_wconf 85' lang='lat' dir='ltr'><strong>Ver·</strong></span> 
     </span>
     <span class='ocr_line' id='line_1_29' title="bbox 84 2986 1268 3072; baseline 0.003 -35"><span class='ocrx_word' id='word_1_266' title='bbox 84 2987 223 3072; x_wconf 59' lang='lat' dir='ltr'><strong>bin&#39;dunffi</strong></span> <span class='ocrx_word' id='word_1_267' title='bbox 248 3004 270 3038; x_wconf 85' lang='grc' dir='ltr'><strong>ι.</strong></span> <span class='ocrx_word' id='word_1_268' title='bbox 295 3003 318 3038; x_wconf 82' lang='lat' dir='ltr'><strong>a.</strong></span> <span class='ocrx_word' id='word_1_269' title='bbox 344 2987 378 3039; x_wconf 80' lang='lat' dir='ltr'><strong>(i.</strong></span> <span class='ocrx_word' id='word_1_270' title='bbox 401 2986 424 3041; x_wconf 88' lang='lat'><strong>1.</strong></span> <span class='ocrx_word' id='word_1_271' title='bbox 449 2988 491 3041; x_wconf 81' lang='lat' dir='ltr'><strong>le.</strong></span> <span class='ocrx_word' id='word_1_272' title='bbox 514 3004 591 3040; x_wconf 85' lang='lat' dir='ltr'><strong>soror</strong></span> <span class='ocrx_word' id='word_1_273' title='bbox 612 3005 645 3040; x_wconf 90' lang='lat' dir='ltr'><strong>ex</strong></span> <span class='ocrx_word' id='word_1_274' title='bbox 667 2995 765 3043; x_wconf 83' lang='lat' dir='ltr'><strong>matre.</strong></span> <span class='ocrx_word' id='word_1_275' title='bbox 799 3005 801 3012; x_wconf 86' lang='grc'><em>·</em></span> <span class='ocrx_word' id='word_1_276' title='bbox 823 3006 836 3041; x_wconf 86' lang='grc' dir='ltr'>ι</span> <span class='ocrx_word' id='word_1_277' title='bbox 859 2987 920 3042; x_wconf 86' lang='lat' dir='ltr'><strong>sind</strong></span> <span class='ocrx_word' id='word_1_278' title='bbox 936 2988 1013 3042; x_wconf 83' lang='lat' dir='ltr'><strong>diere</strong></span> <span class='ocrx_word' id='word_1_279' title='bbox 1033 2990 1149 3055; x_wconf 73' lang='lat' dir='ltr'><strong>fugitivi</strong></span> <span class='ocrx_word' id='word_1_280' title='bbox 1174 2991 1268 3044; x_wconf 75' lang='lat' dir='ltr'><strong>vebr-</strong></span> 
     </span>
     <span class='ocr_line' id='line_1_30' title="bbox 85 3051 1267 3120; baseline 0.006 -18"><span class='ocrx_word' id='word_1_281' title='bbox 85 3053 239 3108; x_wconf 85' lang='lat' dir='ltr'><strong>scbeinlrelr</strong></span> <span class='ocrx_word' id='word_1_282' title='bbox 272 3051 317 3106; x_wconf 86' lang='lat' dir='ltr'><strong>die</strong></span> <span class='ocrx_word' id='word_1_283' title='bbox 341 3053 508 3107; x_wconf 77' lang='lat' dir='ltr'><strong>Ueberrerte</strong></span> <span class='ocrx_word' id='word_1_284' title='bbox 532 3054 582 3105; x_wconf 78' lang='lat' dir='ltr'><strong>der</strong></span> <span class='ocrx_word' id='word_1_285' title='bbox 603 3055 710 3108; x_wconf 85' lang='lat' dir='ltr'><strong>lleeres</strong></span> <span class='ocrx_word' id='word_1_286' title='bbox 735 3057 785 3109; x_wconf 88' lang='lat' dir='ltr'><strong>des</strong></span> <span class='ocrx_word' id='word_1_287' title='bbox 809 3055 938 3108; x_wconf 59' lang='lat' dir='ltr'><strong>smmis·</strong></span> <span class='ocrx_word' id='word_1_288' title='bbox 961 3055 998 3120; x_wconf 79' lang='lat' dir='ltr'><strong>(a.</strong></span> <span class='ocrx_word' id='word_1_289' title='bbox 1020 3071 1047 3110; x_wconf 76' lang='lat' dir='ltr'><strong>a.</strong></span> <span class='ocrx_word' id='word_1_290' title='bbox 1067 3057 1101 3110; x_wconf 86' lang='lat' dir='ltr'><strong>o.</strong></span> <span class='ocrx_word' id='word_1_291' title='bbox 1123 3055 1181 3108; x_wconf 77' lang='lat' dir='ltr'><strong>lll.</strong></span> <span class='ocrx_word' id='word_1_292' title='bbox 1202 3055 1267 3120; x_wconf 61' lang='lat' dir='ltr'><strong>m</strong></span> 
     </span>
     <span class='ocr_line' id='line_1_31' title="bbox 84 3119 1267 3192; baseline 0.003 -22"><span class='ocrx_word' id='word_1_293' title='bbox 84 3121 227 3183; x_wconf 71' lang='lat' dir='ltr'><strong>melchon,</strong></span> <span class='ocrx_word' id='word_1_294' title='bbox 245 3131 298 3173; x_wconf 80' lang='lat' dir='ltr'><strong>ron</strong></span> <span class='ocrx_word' id='word_1_295' title='bbox 315 3119 366 3172; x_wconf 85' lang='lat' dir='ltr'><strong>deu</strong></span> <span class='ocrx_word' id='word_1_296' title='bbox 383 3119 528 3188; x_wconf 67' lang='grc' dir='ltr'>Ργιιιιᾶιιι</span> <span class='ocrx_word' id='word_1_297' title='bbox 544 3121 706 3192; x_wconf 76' lang='lat' dir='ltr'><strong>verdriugt,</strong></span> <span class='ocrx_word' id='word_1_298' title='bbox 722 3122 790 3174; x_wconf 86' lang='lat' dir='ltr'><strong>Pom</strong></span> <span class='ocrx_word' id='word_1_299' title='bbox 811 3121 872 3186; x_wconf 80' lang='lat' dir='ltr'><strong>ejus</strong></span> <span class='ocrx_word' id='word_1_300' title='bbox 889 3122 1030 3184; x_wconf 83' lang='lat' dir='ltr'><strong>erlsubte,</strong></span> <span class='ocrx_word' id='word_1_301' title='bbox 1052 3122 1113 3174; x_wconf 88' lang='lat' dir='ltr'><strong>eine</strong></span> <span class='ocrx_word' id='word_1_302' title='bbox 1135 3121 1219 3174; x_wconf 79' lang='lat' dir='ltr'><strong>staua</strong></span> <span class='ocrx_word' id='word_1_303' title='bbox 1241 3122 1267 3174; x_wconf 89' lang='lat' dir='ltr'><strong>in</strong></span> 
     </span>
     <span class='ocr_line' id='line_1_32' title="bbox 85 3137 1331 3255; baseline 0.004 -19"><span class='ocrx_word' id='word_1_304' title='bbox 85 3185 248 3250; x_wconf 79' lang='lat' dir='ltr'><strong>Aquitanica</strong></span> <span class='ocrx_word' id='word_1_305' title='bbox 265 3201 301 3237; x_wconf 85' lang='lat' dir='ltr'><strong>aa</strong></span> <span class='ocrx_word' id='word_1_306' title='bbox 317 3186 448 3252; x_wconf 73' lang='lat' dir='ltr'><strong>grinden.</strong></span> <span class='ocrx_word' id='word_1_307' title='bbox 465 3214 499 3224; x_wconf 91' lang='lat'><em>-</em></span> <span class='ocrx_word' id='word_1_308' title='bbox 514 3187 597 3238; x_wconf 80' lang='lat' dir='ltr'><strong>saltus</strong></span> <span class='ocrx_word' id='word_1_309' title='bbox 612 3188 691 3254; x_wconf 74' lang='lat' dir='ltr'><strong>Pyr.·,</strong></span> <span class='ocrx_word' id='word_1_310' title='bbox 708 3205 728 3239; x_wconf 88' lang='grc' dir='ltr'><strong>ι.</strong></span> <span class='ocrx_word' id='word_1_311' title='bbox 746 3204 769 3239; x_wconf 82' lang='grc' dir='ltr'><strong>ι.</strong></span> <span class='ocrx_word' id='word_1_312' title='bbox 787 3137 833 3242; x_wconf 66' lang='lat' dir='ltr'><strong>il.</strong></span> <span class='ocrx_word' id='word_1_313' title='bbox 849 3187 892 3241; x_wconf 73' lang='grc'><strong>43.</strong></span> <span class='ocrx_word' id='word_1_314' title='bbox 915 3216 950 3226; x_wconf 88' lang='grc'><strong>-</strong></span> <span class='ocrx_word' id='word_1_315' title='bbox 971 3190 1134 3255; x_wconf 80' lang='lat' dir='ltr'><strong>praedones,</strong></span> <span class='ocrx_word' id='word_1_316' title='bbox 1151 3205 1173 3240; x_wconf 75' lang='lat' dir='ltr'><strong>c.</strong></span> <span class='ocrx_word' id='word_1_317' title='bbox 1192 3188 1268 3250; x_wconf 81' lang='grc'><strong>104,</strong></span> <span class='ocrx_word' id='word_1_318' title='bbox 1330 3211 1331 3216; x_wconf 55' lang='grc'>’</span> 
     </span>
     <span class='ocr_line' id='line_1_33' title="bbox 84 3250 1267 3322; baseline 0.007 -22"><span class='ocrx_word' id='word_1_319' title='bbox 84 3250 130 3301; x_wconf 88' lang='lat' dir='ltr'><strong>die</strong></span> <span class='ocrx_word' id='word_1_320' title='bbox 147 3250 291 3306; x_wconf 67' lang='lat' dir='ltr'><strong>cusentum</strong></span> <span class='ocrx_word' id='word_1_321' title='bbox 307 3250 478 3314; x_wconf 77' lang='lat' dir='ltr'><strong>Seerinber,</strong></span> <span class='ocrx_word' id='word_1_322' title='bbox 502 3269 592 3322; x_wconf 73' lang='lat' dir='ltr'><strong>gegen</strong></span> <span class='ocrx_word' id='word_1_323' title='bbox 608 3254 715 3306; x_wconf 76' lang='lat' dir='ltr'><strong>welche</strong></span> <span class='ocrx_word' id='word_1_324' title='bbox 738 3253 837 3306; x_wconf 81' lang='lat' dir='ltr'><strong>ftdbcr</strong></span> <span class='ocrx_word' id='word_1_325' title='bbox 853 3254 989 3308; x_wconf 80' lang='lat' dir='ltr'><strong>ebeutulls</strong></span> <span class='ocrx_word' id='word_1_326' title='bbox 1005 3250 1157 3322; x_wconf 75' lang='lat' dir='ltr'><strong>Pompeius</strong></span> <span class='ocrx_word' id='word_1_327' title='bbox 1181 3255 1267 3322; x_wconf 66' lang='lat' dir='ltr'><strong>obge-</strong></span> 
     </span>
     <span class='ocr_line' id='line_1_34' title="bbox 85 3315 1331 3390; baseline 0.006 -26"><span class='ocrx_word' id='word_1_328' title='bbox 85 3315 193 3370; x_wconf 80' lang='lat' dir='ltr'><strong>sehiclrt</strong></span> <span class='ocrx_word' id='word_1_329' title='bbox 210 3318 321 3370; x_wconf 77' lang='lat' dir='ltr'><strong>worden</strong></span> <span class='ocrx_word' id='word_1_330' title='bbox 338 3333 412 3382; x_wconf 78' lang='lat' dir='ltr'><strong>war3</strong></span> <span class='ocrx_word' id='word_1_331' title='bbox 437 3335 468 3368; x_wconf 86' lang='lat' dir='ltr'><strong>er</strong></span> <span class='ocrx_word' id='word_1_332' title='bbox 483 3318 563 3371; x_wconf 78' lang='lat' dir='ltr'><strong>batte</strong></span> <span class='ocrx_word' id='word_1_333' title='bbox 585 3318 626 3371; x_wconf 84' lang='lat' dir='ltr'><strong>rie</strong></span> <span class='ocrx_word' id='word_1_334' title='bbox 648 3318 720 3376; x_wconf 80' lang='lat' dir='ltr'><strong>nuelr</strong></span> <span class='ocrx_word' id='word_1_335' title='bbox 736 3318 864 3373; x_wconf 83' lang='lat' dir='ltr'><strong>wirlrlicb</strong></span> <span class='ocrx_word' id='word_1_336' title='bbox 880 3320 1027 3373; x_wconf 82' lang='lat' dir='ltr'><strong>inuerbalb</strong></span> <span class='ocrx_word' id='word_1_337' title='bbox 1043 3321 1079 3374; x_wconf 81' lang='grc'><strong>49</strong></span> <span class='ocrx_word' id='word_1_338' title='bbox 1096 3321 1197 3390; x_wconf 71' lang='lat' dir='ltr'><strong>&#39;rugan</strong></span> <span class='ocrx_word' id='word_1_339' title='bbox 1214 3320 1266 3372; x_wconf 84' lang='lat' dir='ltr'><strong>soit</strong></span> <span class='ocrx_word' id='word_1_340' title='bbox 1330 3337 1331 3348; x_wconf 59' lang='lat'>¹</span> 
     </span>
     <span class='ocr_line' id='line_1_35' title="bbox 84 3380 1267 3456; baseline 0.005 -26"><span class='ocrx_word' id='word_1_341' title='bbox 84 3380 174 3434; x_wconf 79' lang='lat' dir='ltr'><strong>reiner-</strong></span> <span class='ocrx_word' id='word_1_342' title='bbox 190 3384 304 3436; x_wconf 76' lang='lat' dir='ltr'><strong>Abreise</strong></span> <span class='ocrx_word' id='word_1_343' title='bbox 321 3399 372 3438; x_wconf 86' lang='lat' dir='ltr'><strong>aus</strong></span> <span class='ocrx_word' id='word_1_344' title='bbox 388 3383 489 3436; x_wconf 86' lang='lat' dir='ltr'><strong>ltelien</strong></span> <span class='ocrx_word' id='word_1_345' title='bbox 507 3385 653 3438; x_wconf 82' lang='lat' dir='ltr'><strong>riberwdlt&#39;</strong></span> <span class='ocrx_word' id='word_1_346' title='bbox 689 3422 693 3430; x_wconf 74' lang='grc'><em>.</em></span> <span class='ocrx_word' id='word_1_347' title='bbox 710 3415 743 3425; x_wconf 94' lang='grc'>-</span> <span class='ocrx_word' id='word_1_348' title='bbox 756 3387 902 3454; x_wconf 79' lang='lat' dir='ltr'><strong>praedones</strong></span> <span class='ocrx_word' id='word_1_349' title='bbox 915 3386 975 3439; x_wconf 87' lang='lat' dir='ltr'><strong>sind</strong></span> <span class='ocrx_word' id='word_1_350' title='bbox 992 3385 1144 3456; x_wconf 76' lang='lat' dir='ltr'><strong>cigentlicb</strong></span> <span class='ocrx_word' id='word_1_351' title='bbox 1156 3387 1267 3440; x_wconf 81' lang='lat' dir='ltr'><strong>ltiiubar</strong></span> 
     </span>
     <span class='ocr_line' id='line_1_36' title="bbox 85 3447 1268 3520; baseline 0.008 -23"><span class='ocrx_word' id='word_1_352' title='bbox 85 3447 157 3500; x_wconf 81' lang='lat' dir='ltr'><strong>aller</strong></span> <span class='ocrx_word' id='word_1_353' title='bbox 172 3450 240 3512; x_wconf 80' lang='lat' dir='ltr'><strong>Art,</strong></span> <span class='ocrx_word' id='word_1_354' title='bbox 265 3465 420 3520; x_wconf 75' lang='lat' dir='ltr'><strong>verwegen</strong></span> <span class='ocrx_word' id='word_1_355' title='bbox 443 3452 514 3517; x_wconf 86' lang='lat' dir='ltr'><strong>Nep.</strong></span> <span class='ocrx_word' id='word_1_356' title='bbox 530 3451 631 3504; x_wconf 82' lang='lat' dir='ltr'><strong>Them.</strong></span> <span class='ocrx_word' id='word_1_357' title='bbox 667 3451 715 3509; x_wconf 80' lang='lat' dir='ltr'><strong>.a.</strong></span> <span class='ocrx_word' id='word_1_358' title='bbox 732 3466 853 3520; x_wconf 72' lang='lat' dir='ltr'><strong>genauer</strong></span> <span class='ocrx_word' id='word_1_359' title='bbox 876 3454 1028 3520; x_wconf 80' lang='lat' dir='ltr'><strong>praedones</strong></span> <span class='ocrx_word' id='word_1_360' title='bbox 1042 3453 1169 3506; x_wconf 67' lang='lat' dir='ltr'><strong>munt</strong></span> <span class='ocrx_word' id='word_1_361' title='bbox 1191 3457 1268 3517; x_wconf 64' lang='grc' dir='ltr'>ιιιίς</span> 
     </span>
     <span class='ocr_line' id='line_1_37' title="bbox 84 3513 1266 3592; baseline 0.01 -30"><span class='ocrx_word' id='word_1_362' title='bbox 84 3513 134 3592; x_wconf 79' lang='lat' dir='ltr'><strong>der</strong></span> <span class='ocrx_word' id='word_1_363' title='bbox 150 3514 316 3584; x_wconf 78' lang='lat' dir='ltr'><strong>cigentlielre</strong></span> <span class='ocrx_word' id='word_1_364' title='bbox 331 3515 421 3569; x_wconf 84' lang='lat' dir='ltr'><strong>Nema</strong></span> <span class='ocrx_word' id='word_1_365' title='bbox 436 3517 485 3568; x_wconf 77' lang='lat' dir='ltr'><strong>fria</strong></span> <span class='ocrx_word' id='word_1_366' title='bbox 499 3518 639 3570; x_wconf 79' lang='lat' dir='ltr'><strong>Seerduber</strong></span> <span class='ocrx_word' id='word_1_367' title='bbox 654 3518 692 3571; x_wconf 82' lang='lat' dir='ltr'><strong>ist</strong></span> <span class='ocrx_word' id='word_1_368' title='bbox 705 3519 826 3586; x_wconf 79' lang='lat' dir='ltr'><strong>piratae,</strong></span> <span class='ocrx_word' id='word_1_369' title='bbox 848 3535 877 3589; x_wconf 85' lang='lat' dir='ltr'><strong>u.</strong></span> <span class='ocrx_word' id='word_1_370' title='bbox 899 3520 1014 3571; x_wconf 66' lang='lat' dir='ltr'><strong>huram</strong></span> <span class='ocrx_word' id='word_1_371' title='bbox 1039 3520 1075 3585; x_wconf 86' lang='grc' dir='ltr'><strong>(ι.</strong></span> <span class='ocrx_word' id='word_1_372' title='bbox 1084 3535 1116 3571; x_wconf 57' lang='grc' dir='ltr'><strong>«ι.</strong></span> <span class='ocrx_word' id='word_1_373' title='bbox 1131 3519 1266 3584; x_wconf 73' lang='lat' dir='ltr'><strong>mes)</strong></span> 
     </span>
     <span class='ocr_line' id='line_1_38' title="bbox 83 3577 1267 3651; baseline 0.009 -23"><span class='ocrx_word' id='word_1_374' title='bbox 83 3577 144 3630; x_wconf 82' lang='lat' dir='ltr'><strong>smd</strong></span> <span class='ocrx_word' id='word_1_375' title='bbox 161 3583 378 3648; x_wconf 74' lang='lat' dir='ltr'><strong>Strasreurinber.</strong></span> <span class='ocrx_word' id='word_1_376' title='bbox 395 3609 428 3620; x_wconf 89' lang='lat'>-</span> <span class='ocrx_word' id='word_1_377' title='bbox 444 3590 480 3635; x_wconf 84' lang='lat' dir='ltr'><strong>ut</strong></span> <span class='ocrx_word' id='word_1_378' title='bbox 495 3611 509 3622; x_wconf 92' lang='lat'>·</span> <span class='ocrx_word' id='word_1_379' title='bbox 520 3591 645 3651; x_wconf 82' lang='lat' dir='ltr'><strong>agerent,</strong></span> <span class='ocrx_word' id='word_1_380' title='bbox 661 3585 810 3638; x_wconf 78' lang='lat' dir='ltr'><strong>besouders</strong></span> <span class='ocrx_word' id='word_1_381' title='bbox 826 3584 853 3635; x_wconf 83' lang='lat' dir='ltr'><strong>ia</strong></span> <span class='ocrx_word' id='word_1_382' title='bbox 870 3585 916 3636; x_wconf 78' lang='lat' dir='ltr'><strong>der</strong></span> <span class='ocrx_word' id='word_1_383' title='bbox 926 3583 1050 3647; x_wconf 73' lang='lat' dir='ltr'><strong>Adrisit,</strong></span> <span class='ocrx_word' id='word_1_384' title='bbox 1067 3602 1116 3637; x_wconf 88' lang='lat' dir='ltr'><strong>um</strong></span> <span class='ocrx_word' id='word_1_385' title='bbox 1131 3585 1218 3639; x_wconf 73' lang='lat' dir='ltr'><strong>dobin</strong></span> <span class='ocrx_word' id='word_1_386' title='bbox 1235 3601 1267 3638; x_wconf 77' lang='lat' dir='ltr'><strong>ru</strong></span> 
     </span>
     <span class='ocr_line' id='line_1_39' title="bbox 83 3644 1268 3722; baseline 0.01 -28"><span class='ocrx_word' id='word_1_387' title='bbox 83 3644 196 3708; x_wconf 79' lang='lat' dir='ltr'><strong>wirlren</strong></span> <span class='ocrx_word' id='word_1_388' title='bbox 212 3675 246 3685; x_wconf 92' lang='lat'><em>-</em></span> <span class='ocrx_word' id='word_1_389' title='bbox 262 3649 409 3711; x_wconf 75' lang='lat' dir='ltr'><strong>decertare,</strong></span> <span class='ocrx_word' id='word_1_390' title='bbox 427 3665 448 3700; x_wconf 83' lang='grc' dir='ltr'><strong>ι.</strong></span> <span class='ocrx_word' id='word_1_391' title='bbox 465 3665 489 3700; x_wconf 84' lang='lat' dir='ltr'><strong>a.</strong></span> <span class='ocrx_word' id='word_1_392' title='bbox 507 3649 540 3701; x_wconf 81' lang='lat' dir='ltr'><strong>G.</strong></span> <span class='ocrx_word' id='word_1_393' title='bbox 558 3649 579 3702; x_wconf 89' lang='lat'><strong>1.</strong></span> <span class='ocrx_word' id='word_1_394' title='bbox 596 3650 638 3704; x_wconf 82' lang='grc'><strong>44,</strong></span> <span class='ocrx_word' id='word_1_395' title='bbox 655 3679 689 3690; x_wconf 88' lang='grc'>-</span> <span class='ocrx_word' id='word_1_396' title='bbox 704 3658 747 3720; x_wconf 84' lang='lat' dir='ltr'><strong>nt,</strong></span> <span class='ocrx_word' id='word_1_397' title='bbox 763 3667 784 3702; x_wconf 89' lang='grc' dir='ltr'><strong>ι.</strong></span> <span class='ocrx_word' id='word_1_398' title='bbox 801 3666 825 3700; x_wconf 80' lang='lat' dir='ltr'><strong>u.</strong></span> <span class='ocrx_word' id='word_1_399' title='bbox 842 3649 888 3704; x_wconf 81' lang='lat' dir='ltr'><strong>lv.</strong></span> <span class='ocrx_word' id='word_1_400' title='bbox 905 3649 948 3703; x_wconf 73' lang='lat'><strong>28.</strong></span> <span class='ocrx_word' id='word_1_401' title='bbox 974 3656 1008 3691; x_wconf 72' lang='grc'><strong>4-</strong></span> <span class='ocrx_word' id='word_1_402' title='bbox 1028 3651 1150 3718; x_wconf 72' lang='lat' dir='ltr'><strong>profiteri</strong></span> <span class='ocrx_word' id='word_1_403' title='bbox 1166 3654 1268 3722; x_wconf 72' lang='lat' dir='ltr'><strong>(vergi</strong></span> 
     </span>
     <span class='ocr_line' id='line_1_40' title="bbox 83 3710 1267 3798; baseline 0.011 -38"><span class='ocrx_word' id='word_1_404' title='bbox 83 3725 108 3762; x_wconf 84' lang='lat' dir='ltr'><strong>u.</strong></span> <span class='ocrx_word' id='word_1_405' title='bbox 126 3710 187 3764; x_wconf 82' lang='lat' dir='ltr'><strong>Vll.</strong></span> <span class='ocrx_word' id='word_1_406' title='bbox 204 3711 253 3776; x_wconf 77' lang='grc'><strong><em>2.),</em></strong></span> <span class='ocrx_word' id='word_1_407' title='bbox 270 3711 329 3766; x_wconf 81' lang='lat' dir='ltr'><strong>alcb</strong></span> <span class='ocrx_word' id='word_1_408' title='bbox 340 3714 467 3779; x_wconf 75' lang='lat' dir='ltr'><strong>sbnnlicb</strong></span> <span class='ocrx_word' id='word_1_409' title='bbox 482 3715 616 3770; x_wconf 82' lang='lat' dir='ltr'><strong>erbliiren.</strong></span> <span class='ocrx_word' id='word_1_410' title='bbox 632 3745 665 3756; x_wconf 91' lang='lat'><em>-</em></span> <span class='ocrx_word' id='word_1_411' title='bbox 681 3715 734 3769; x_wconf 86' lang='lat' dir='ltr'><strong>Die</strong></span> <span class='ocrx_word' id='word_1_412' title='bbox 752 3717 849 3770; x_wconf 85' lang='lat' dir='ltr'><strong>Worte</strong></span> <span class='ocrx_word' id='word_1_413' title='bbox 865 3723 945 3798; x_wconf 78' lang='lat' dir='ltr'><strong>utque</strong></span> <span class='ocrx_word' id='word_1_414' title='bbox 960 3733 1014 3768; x_wconf 77' lang='lat' dir='ltr'><strong>unu</strong></span> <span class='ocrx_word' id='word_1_415' title='bbox 1031 3717 1123 3783; x_wconf 66' lang='lat' dir='ltr'><strong>diona,</strong></span> <span class='ocrx_word' id='word_1_416' title='bbox 1137 3725 1189 3773; x_wconf 81' lang='lat' dir='ltr'><strong>ete.</strong></span> <span class='ocrx_word' id='word_1_417' title='bbox 1208 3719 1267 3772; x_wconf 79' lang='lat' dir='ltr'><strong>sind</strong></span> 
     </span>
     <span class='ocr_line' id='line_1_41' title="bbox 84 3777 1268 3848; baseline 0.006 -18"><span class='ocrx_word' id='word_1_418' title='bbox 84 3782 172 3830; x_wconf 71' lang='lat' dir='ltr'><strong>etwa-</strong></span> <span class='ocrx_word' id='word_1_419' title='bbox 187 3777 348 3832; x_wconf 83' lang='lat' dir='ltr'><strong>verwielrelt</strong></span> <span class='ocrx_word' id='word_1_420' title='bbox 364 3797 390 3832; x_wconf 88' lang='grc' dir='ltr'><strong>ιι.</strong></span> <span class='ocrx_word' id='word_1_421' title='bbox 407 3780 510 3833; x_wconf 82' lang='lat' dir='ltr'><strong>scbwie</strong></span> <span class='ocrx_word' id='word_1_422' title='bbox 527 3781 535 3796; x_wconf 77' lang='lat'><strong>‘</strong></span> <span class='ocrx_word' id='word_1_423' title='bbox 556 3819 563 3835; x_wconf 90' lang='lat'><strong>.</strong></span> <span class='ocrx_word' id='word_1_424' title='bbox 588 3783 654 3836; x_wconf 83' lang='lat' dir='ltr'><strong>Mun</strong></span> <span class='ocrx_word' id='word_1_425' title='bbox 667 3783 767 3837; x_wconf 89' lang='lat' dir='ltr'><strong>nebme</strong></span> <span class='ocrx_word' id='word_1_426' title='bbox 779 3782 945 3834; x_wconf 74' lang='lat' dir='ltr'><strong>constituatur</strong></span> <span class='ocrx_word' id='word_1_427' title='bbox 956 3783 1042 3834; x_wconf 80' lang='lat' dir='ltr'><strong>solum</strong></span> <span class='ocrx_word' id='word_1_428' title='bbox 1057 3797 1094 3834; x_wconf 80' lang='lat' dir='ltr'><strong>au</strong></span> <span class='ocrx_word' id='word_1_429' title='bbox 1110 3801 1165 3836; x_wconf 83' lang='lat' dir='ltr'><strong>unu</strong></span> <span class='ocrx_word' id='word_1_430' title='bbox 1182 3787 1268 3848; x_wconf 77' lang='lat' dir='ltr'><strong>elium,</strong></span> 
     </span>
     <span class='ocr_line' id='line_1_42' title="bbox 82 3799 1269 3916; baseline 0.008 -22"><span class='ocrx_word' id='word_1_431' title='bbox 82 3845 139 3897; x_wconf 90' lang='lat' dir='ltr'><strong>und</strong></span> <span class='ocrx_word' id='word_1_432' title='bbox 156 3844 208 3894; x_wconf 87' lang='lat' dir='ltr'><strong>den</strong></span> <span class='ocrx_word' id='word_1_433' title='bbox 225 3843 291 3895; x_wconf 85' lang='lat' dir='ltr'><strong>Sata</strong></span> <span class='ocrx_word' id='word_1_434' title='bbox 313 3845 358 3912; x_wconf 81' lang='lat' dir='ltr'><strong>ubi</strong></span> <span class='ocrx_word' id='word_1_435' title='bbox 373 3873 387 3884; x_wconf 93' lang='lat'>-</span> <span class='ocrx_word' id='word_1_436' title='bbox 401 3799 570 3911; x_wconf 56' lang='lat' dir='ltr'><strong>possentrbi·</strong></span> <span class='ocrx_word' id='word_1_437' title='bbox 595 3850 693 3900; x_wconf 81' lang='lat' dir='ltr'><strong>deisen</strong></span> <span class='ocrx_word' id='word_1_438' title='bbox 709 3849 811 3916; x_wconf 52' lang='lat' dir='ltr'><strong>birplject</strong></span> <span class='ocrx_word' id='word_1_439' title='bbox 832 3862 883 3912; x_wconf 81' lang='lat' dir='ltr'><strong>nn3</strong></span> <span class='ocrx_word' id='word_1_440' title='bbox 906 3847 978 3902; x_wconf 84' lang='lat' dir='ltr'><strong>daun</strong></span> <span class='ocrx_word' id='word_1_441' title='bbox 1000 3847 1040 3900; x_wconf 83' lang='lat' dir='ltr'><strong>nt</strong></span> <span class='ocrx_word' id='word_1_442' title='bbox 1059 3849 1211 3902; x_wconf 80' lang='lat' dir='ltr'><strong>besonders</strong></span> <span class='ocrx_word' id='word_1_443' title='bbox 1227 3852 1269 3904; x_wconf 81' lang='lat' dir='ltr'><strong>abi</strong></span> 
     </span>
     <span class='ocr_line' id='line_1_43' title="bbox 82 3910 1268 3983; baseline 0.008 -22"><span class='ocrx_word' id='word_1_444' title='bbox 82 3910 299 3972; x_wconf 72' lang='lat' dir='ltr'><strong>uehementer,</strong></span> <span class='ocrx_word' id='word_1_445' title='bbox 323 3911 372 3963; x_wconf 81' lang='lat' dir='ltr'><strong>dea</strong></span> <span class='ocrx_word' id='word_1_446' title='bbox 397 3913 459 3965; x_wconf 87' lang='lat' dir='ltr'><strong>hier</strong></span> <span class='ocrx_word' id='word_1_447' title='bbox 480 3914 714 3968; x_wconf 78' lang='lat' dir='ltr'><strong>ansualrmrweire</strong></span> <span class='ocrx_word' id='word_1_448' title='bbox 739 3917 795 3968; x_wconf 86' lang='lat' dir='ltr'><strong>und</strong></span> <span class='ocrx_word' id='word_1_449' title='bbox 818 3913 1060 3983; x_wconf 75' lang='lat' dir='ltr'><strong>geviasermal&#39;sen</strong></span> <span class='ocrx_word' id='word_1_450' title='bbox 1084 3932 1135 3983; x_wconf 86' lang='lat' dir='ltr'><strong>per</strong></span> <span class='ocrx_word' id='word_1_451' title='bbox 1151 3933 1268 3983; x_wconf 64' lang='lat' dir='ltr'><strong>zeugma</strong></span> 
     </span>
     <span class='ocr_line' id='line_1_44' title="bbox 81 3976 1329 4064; baseline 0.011 -38"><span class='ocrx_word' id='word_1_452' title='bbox 81 3981 151 4029; x_wconf 82' lang='lat' dir='ltr'><strong>statt</strong></span> <span class='ocrx_word' id='word_1_453' title='bbox 167 3994 217 4044; x_wconf 84' lang='lat' dir='ltr'><strong>qna</strong></span> <span class='ocrx_word' id='word_1_454' title='bbox 234 3976 323 4038; x_wconf 76' lang='lat' dir='ltr'><strong>steht,</strong></span> <span class='ocrx_word' id='word_1_455' title='bbox 340 3978 461 4045; x_wconf 78' lang='lat' dir='ltr'><strong>welches</strong></span> <span class='ocrx_word' id='word_1_456' title='bbox 478 3997 512 4034; x_wconf 83' lang='lat' dir='ltr'><strong>au</strong></span> <span class='ocrx_word' id='word_1_457' title='bbox 528 3981 615 4037; x_wconf 76' lang='lat' dir='ltr'><strong>oerire</strong></span> <span class='ocrx_word' id='word_1_458' title='bbox 632 3982 768 4034; x_wconf 81' lang='lat' dir='ltr'><strong>erfordert</strong></span> <span class='ocrx_word' id='word_1_459' title='bbox 784 3979 871 4045; x_wconf 81' lang='lat' dir='ltr'><strong>wird,</strong></span> <span class='ocrx_word' id='word_1_460' title='bbox 883 3979 1014 4040; x_wconf 67' lang='lat' dir='ltr'><strong>wilarend</strong></span> <span class='ocrx_word' id='word_1_461' title='bbox 1025 3981 1070 4032; x_wconf 88' lang='lat' dir='ltr'><strong>ubi</strong></span> <span class='ocrx_word' id='word_1_462' title='bbox 1079 3997 1152 4064; x_wconf 71' lang='lat' dir='ltr'><strong>ganz</strong></span> <span class='ocrx_word' id='word_1_463' title='bbox 1163 3983 1267 4056; x_wconf 74' lang='lat' dir='ltr'><strong>ricbtig</strong></span> <span class='ocrx_word' id='word_1_464' title='bbox 1328 4005 1329 4040; x_wconf 78' lang='lat' dir='ltr'><strong>l</strong></span> 
     </span>
     <span class='ocr_line' id='line_1_45' title="bbox 79 4043 1329 4184; baseline 0.007 -25"><span class='ocrx_word' id='word_1_465' title='bbox 79 4043 1266 4184; x_wconf 54' lang='lat' dir='ltr'><strong>nunninus·insusurrans·.s·.2.salt.l·.n.rnsas</strong></span> <span class='ocrx_word' id='word_1_466' title='bbox 1328 4073 1329 4090; x_wconf 53' lang='lat'>¹</span> 
     </span>
     <span class='ocr_line' id='line_1_46' title="bbox 79 4173 1264 4247; baseline 0.009 -23"><span class='ocrx_word' id='word_1_467' title='bbox 79 4173 292 4246; x_wconf 75' lang='lat' dir='ltr'><strong>notbrrendigen</strong></span> <span class='ocrx_word' id='word_1_468' title='bbox 308 4174 513 4247; x_wconf 79' lang='lat' dir='ltr'><strong>Nebenbegriff</strong></span> <span class='ocrx_word' id='word_1_469' title='bbox 527 4182 575 4233; x_wconf 77' lang='lat' dir='ltr'><strong>dea</strong></span> <span class='ocrx_word' id='word_1_470' title='bbox 591 4179 703 4235; x_wconf 79' lang='lat' dir='ltr'><strong>Hedera</strong></span> <span class='ocrx_word' id='word_1_471' title='bbox 718 4197 746 4234; x_wconf 78' lang='lat' dir='ltr'><strong>u</strong></span> <span class='ocrx_word' id='word_1_472' title='bbox 763 4179 886 4233; x_wconf 79' lang='lat' dir='ltr'><strong>Zwister.</strong></span> <span class='ocrx_word' id='word_1_473' title='bbox 912 4204 945 4219; x_wconf 41' lang='grc' dir='ltr'><strong>-ὴ</strong></span> <span class='ocrx_word' id='word_1_474' title='bbox 966 4179 1010 4230; x_wconf 85' lang='lat' dir='ltr'><strong>ille</strong></span> <span class='ocrx_word' id='word_1_475' title='bbox 1027 4195 1065 4231; x_wconf 85' lang='lat' dir='ltr'><strong>sc.</strong></span> <span class='ocrx_word' id='word_1_476' title='bbox 1083 4179 1219 4235; x_wconf 76' lang='lat' dir='ltr'><strong>Vatinium</strong></span> <span class='ocrx_word' id='word_1_477' title='bbox 1236 4213 1264 4222; x_wconf 90' lang='lat'><em>-</em></span> 
     </span>
     <span class='ocr_line' id='line_1_47' title="bbox 79 4240 1264 4315; baseline 0.004 -23"><span class='ocrx_word' id='word_1_478' title='bbox 79 4240 108 4288; x_wconf 80' lang='lat' dir='ltr'><strong>in</strong></span> <span class='ocrx_word' id='word_1_479' title='bbox 123 4241 179 4305; x_wconf 82' lang='lat' dir='ltr'><strong>iris,</strong></span> <span class='ocrx_word' id='word_1_480' title='bbox 196 4259 217 4292; x_wconf 89' lang='lat' dir='ltr'><strong>s.</strong></span> <span class='ocrx_word' id='word_1_481' title='bbox 235 4259 258 4293; x_wconf 83' lang='lat' dir='ltr'><strong>a.</strong></span> <span class='ocrx_word' id='word_1_482' title='bbox 274 4243 307 4296; x_wconf 81' lang='lat' dir='ltr'><strong>V.</strong></span> <span class='ocrx_word' id='word_1_483' title='bbox 324 4241 366 4298; x_wconf 78' lang='lat' dir='ltr'><strong>rt.</strong></span> <span class='ocrx_word' id='word_1_484' title='bbox 389 4271 423 4282; x_wconf 82' lang='lat'>—</span> <span class='ocrx_word' id='word_1_485' title='bbox 448 4262 527 4312; x_wconf 82' lang='lat' dir='ltr'><strong>erge,</strong></span> <span class='ocrx_word' id='word_1_486' title='bbox 550 4262 603 4298; x_wconf 82' lang='lat' dir='ltr'><strong>uua</strong></span> <span class='ocrx_word' id='word_1_487' title='bbox 620 4248 702 4308; x_wconf 82' lang='lat' dir='ltr'><strong>dean,</strong></span> <span class='ocrx_word' id='word_1_488' title='bbox 728 4263 779 4300; x_wconf 80' lang='lat' dir='ltr'><strong>aur</strong></span> <span class='ocrx_word' id='word_1_489' title='bbox 794 4244 991 4315; x_wconf 79' lang='lat' dir='ltr'><strong>Beaeiebnung</strong></span> <span class='ocrx_word' id='word_1_490' title='bbox 1016 4247 1067 4296; x_wconf 81' lang='lat' dir='ltr'><strong>des</strong></span> <span class='ocrx_word' id='word_1_491' title='bbox 1087 4245 1218 4313; x_wconf 66' lang='lat' dir='ltr'><strong>Affectee.</strong></span> <span class='ocrx_word' id='word_1_492' title='bbox 1234 4277 1264 4288; x_wconf 88' lang='lat'>-</span> 
     </span>
     <span class='ocr_line' id='line_1_48' title="bbox 79 4304 1250 4378; baseline 0.009 -24"><span class='ocrx_word' id='word_1_493' title='bbox 79 4304 131 4354; x_wconf 72' lang='lat' dir='ltr'><strong>nur</strong></span> <span class='ocrx_word' id='word_1_494' title='bbox 138 4349 145 4371; x_wconf 91' lang='lat'>‚</span> <span class='ocrx_word' id='word_1_495' title='bbox 162 4308 250 4376; x_wconf 80' lang='lat' dir='ltr'><strong>vergi.</strong></span> <span class='ocrx_word' id='word_1_496' title='bbox 267 4325 291 4360; x_wconf 85' lang='lat' dir='ltr'><strong>a.</strong></span> <span class='ocrx_word' id='word_1_497' title='bbox 307 4325 330 4360; x_wconf 79' lang='lat' dir='ltr'><strong>n.</strong></span> <span class='ocrx_word' id='word_1_498' title='bbox 348 4310 395 4361; x_wconf 88' lang='lat' dir='ltr'><strong>Vl.</strong></span> <span class='ocrx_word' id='word_1_499' title='bbox 412 4309 454 4360; x_wconf 86' lang='lat' dir='ltr'><strong>lo.</strong></span> <span class='ocrx_word' id='word_1_500' title='bbox 469 4336 500 4348; x_wconf 80' lang='lat'><strong>—-</strong></span> <span class='ocrx_word' id='word_1_501' title='bbox 511 4313 624 4374; x_wconf 74' lang='lat' dir='ltr'><strong>referre,</strong></span> <span class='ocrx_word' id='word_1_502' title='bbox 640 4311 729 4378; x_wconf 77' lang='lat' dir='ltr'><strong>vergi.</strong></span> <span class='ocrx_word' id='word_1_503' title='bbox 741 4329 765 4362; x_wconf 82' lang='lat' dir='ltr'><strong>u.</strong></span> <span class='ocrx_word' id='word_1_504' title='bbox 777 4311 811 4363; x_wconf 79' lang='lat' dir='ltr'><strong>(i.</strong></span> <span class='ocrx_word' id='word_1_505' title='bbox 822 4310 844 4362; x_wconf 90' lang='lat'><strong>1.</strong></span> <span class='ocrx_word' id='word_1_506' title='bbox 856 4311 898 4364; x_wconf 73' lang='lat'><strong>29.</strong></span> <span class='ocrx_word' id='word_1_507' title='bbox 909 4339 943 4349; x_wconf 92' lang='lat'><em>-</em></span> <span class='ocrx_word' id='word_1_508' title='bbox 954 4311 1055 4374; x_wconf 77' lang='lat' dir='ltr'><strong>aulius,</strong></span> <span class='ocrx_word' id='word_1_509' title='bbox 1066 4328 1088 4363; x_wconf 86' lang='grc' dir='ltr'><strong>ι.</strong></span> <span class='ocrx_word' id='word_1_510' title='bbox 1101 4329 1124 4363; x_wconf 82' lang='grc' dir='ltr'><strong>ι.</strong></span> <span class='ocrx_word' id='word_1_511' title='bbox 1134 4311 1172 4367; x_wconf 82' lang='lat' dir='ltr'><strong>lt</strong></span> <span class='ocrx_word' id='word_1_512' title='bbox 1184 4313 1209 4365; x_wconf 71' lang='lat'>2</span> <span class='ocrx_word' id='word_1_513' title='bbox 1217 4342 1250 4352; x_wconf 94' lang='lat'><em>—</em></span> 
     </span>
     <span class='ocr_line' id='line_1_49' title="bbox 145 4371 1328 4446; baseline 0.008 -25"><span class='ocrx_word' id='word_1_514' title='bbox 145 4371 212 4438; x_wconf 81' lang='lat' dir='ltr'><strong>cap.</strong></span> <span class='ocrx_word' id='word_1_515' title='bbox 228 4373 271 4434; x_wconf 69' lang='lat'><strong>2⁰.</strong></span> <span class='ocrx_word' id='word_1_516' title='bbox 306 4375 342 4428; x_wconf 80' lang='lat' dir='ltr'><strong>nl.</strong></span> <span class='ocrx_word' id='word_1_517' title='bbox 361 4374 461 4428; x_wconf 79' lang='lat' dir='ltr'><strong>Coelius</strong></span> <span class='ocrx_word' id='word_1_518' title='bbox 477 4371 581 4439; x_wconf 77' lang='lat' dir='ltr'><strong>Rufus,</strong></span> <span class='ocrx_word' id='word_1_519' title='bbox 597 4375 619 4425; x_wconf 88' lang='lat'><strong>1.</strong></span> <span class='ocrx_word' id='word_1_520' title='bbox 635 4375 660 4428; x_wconf 77' lang='lat'><strong>2.</strong></span> <span class='ocrx_word' id='word_1_521' title='bbox 677 4377 712 4430; x_wconf 92' lang='lat' dir='ltr'><strong>ll.</strong></span> <span class='ocrx_word' id='word_1_522' title='bbox 730 4376 789 4436; x_wconf 78' lang='lat' dir='ltr'><strong>te..</strong></span> <span class='ocrx_word' id='word_1_523' title='bbox 815 4375 911 4428; x_wconf 83' lang='lat' dir='ltr'><strong>bisbor</strong></span> <span class='ocrx_word' id='word_1_524' title='bbox 927 4376 1053 4429; x_wconf 72' lang='lat' dir='ltr'><strong>Gamar&#39;r</strong></span> <span class='ocrx_word' id='word_1_525' title='bbox 1069 4375 1196 4446; x_wconf 83' lang='lat' dir='ltr'><strong>Freund,</strong></span> <span class='ocrx_word' id='word_1_526' title='bbox 1212 4395 1263 4431; x_wconf 83' lang='lat' dir='ltr'><strong>voa</strong></span> <span class='ocrx_word' id='word_1_527' title='bbox 1327 4421 1328 4442; x_wconf 69' lang='lat'><strong>,</strong></span> 
     </span>
     <span class='ocr_line' id='line_1_50' title="bbox 79 4434 1328 4510; baseline 0.011 -27"><span class='ocrx_word' id='word_1_528' title='bbox 79 4434 216 4490; x_wconf 74' lang='lat' dir='ltr'><strong>volebam</strong></span> <span class='ocrx_word' id='word_1_529' title='bbox 233 4455 264 4489; x_wconf 85' lang='lat' dir='ltr'><strong>er</strong></span> <span class='ocrx_word' id='word_1_530' title='bbox 280 4439 341 4495; x_wconf 77' lang='lat' dir='ltr'><strong>ricla</strong></span> <span class='ocrx_word' id='word_1_531' title='bbox 357 4458 412 4495; x_wconf 88' lang='lat' dir='ltr'><strong>nun</strong></span> <span class='ocrx_word' id='word_1_532' title='bbox 429 4445 552 4504; x_wconf 81' lang='lat' dir='ltr'><strong>ineunte,</strong></span> <span class='ocrx_word' id='word_1_533' title='bbox 568 4437 633 4492; x_wconf 74' lang='lat' dir='ltr'><strong>weil</strong></span> <span class='ocrx_word' id='word_1_534' title='bbox 651 4440 754 4496; x_wconf 79' lang='lat' dir='ltr'><strong>caesor</strong></span> <span class='ocrx_word' id='word_1_535' title='bbox 769 4439 848 4496; x_wconf 87' lang='lat' dir='ltr'><strong>nieht</strong></span> <span class='ocrx_word' id='word_1_536' title='bbox 874 4441 924 4496; x_wconf 81' lang='lat' dir='ltr'><strong>un</strong></span> <span class='ocrx_word' id='word_1_537' title='bbox 946 4441 1064 4496; x_wconf 72' lang='lat' dir='ltr'><strong>eundern</strong></span> <span class='ocrx_word' id='word_1_538' title='bbox 1080 4443 1133 4496; x_wconf 87' lang='lat' dir='ltr'><strong>den</strong></span> <span class='ocrx_word' id='word_1_539' title='bbox 1150 4442 1179 4495; x_wconf 85' lang='lat' dir='ltr'><strong>G.</strong></span> <span class='ocrx_word' id='word_1_540' title='bbox 1198 4444 1260 4497; x_wconf 83' lang='lat' dir='ltr'><strong>Tre·</strong></span> <span class='ocrx_word' id='word_1_541' title='bbox 1327 4499 1328 4510; x_wconf 48' lang='grc'>,</span> 
     </span>
    </p>
   </div>
   <div class='ocr_carea' id='block_1_7' title="bbox 0 0 1358 4674">
    <p class='ocr_par' dir='ltr' id='par_1_8' title="bbox 0 0 1358 4674">
     <span class='ocr_line' id='line_1_51' title="bbox 0 0 1358 4674; baseline 0 4"><span class='ocrx_word' id='word_1_542' title='bbox 0 0 1358 4674; x_wconf 95' lang='lat' dir='ltr'><strong> </strong></span> 
     </span>
    </p>
   </div>
   <div class='ocr_carea' id='block_1_8' title="bbox 53 4586 150 4628">
    <p class='ocr_par' dir='ltr' id='par_1_9' title="bbox 53 4586 150 4628">
     <span class='ocr_line' id='line_1_52' title="bbox 53 4586 150 4628; baseline 0 -11"><span class='ocrx_word' id='word_1_543' title='bbox 53 4586 150 4628; x_wconf 61' lang='grc' dir='ltr'><strong>Α,</strong></span> 
     </span>
    </p>
   </div>
  </div>
 </body>
</html>
