2692 4672
315 129 952 274 '‘mmmm-m
1180 157 1267 234 mr

80 366 188 439 disset
212 355 419 456 Pompejum
440 363 546 455 Cypri
566 365 692 450 visum,
721 353 930 456 conjectans,
955 385 1032 432 eum
1055 363 1256 455 Aegyptum

79 457 143 534 iter
173 455 319 549 habere,
349 455 490 556 propter
505 465 777 541 ,necessitudines
809 466 904 556 regui
932 463 1146 551 reliquasque
1180 463 1256 552 ejus

80 565 148 633 loci
168 565 459 654 opportunitates,
478 585 556 630 cum
579 564 787 656 legionibus,
803 585 885 646 nna,
905 585 1005 651 quarn
1020 585 1063 628 ex
1078 561 1257 644 Thessalia

81 685 118 732 se
136 665 236 753 sequi
247 664 397 753 jusserat
405 713 421 748 ,.
440 653 614 749 etaltera,
640 687 739 752 (luam
757 685 798 732 ex
814 663 945 752 Acbaja
965 685 985 727 a
1008 662 1048 745 Q.
1067 661 1166 728 Fullo
1187 659 1257 726 Le-

82 773 165 852 gata
191 772 409 847 evocaverat,
436 763 682 851 equitibusque,
698 762 898 853 octingentis
925 772 960 828 et
986 759 1124 829 navibus
1145 759 1257 849 longis

82 861 230 934 Rhodiis
254 861 372 930 decem
397 870 431 928 et
455 853 609 930 Asiaticis
629 864 743 953 paucis
758 861 998 940 'Alexandriam
1014 858 1181 950 pervenit.
1217 857 1258 924 Ia

83 959 136 1028 his
154 969 254 1028 eraut
270 960 461 1052 legionibus
484 961 659 1030 hominum
680 963 742 1029 tria
762 961 852 1028 milia
874 959 948 1042 003
975 959 1115 1048 reliqui,
1137 957 1257 1024 vulue-

82 1059 175 1128 ribus
198 1083 244 1128 ex
262 1060 401 1150 proeliis
421 1070 456 1126 et
488 1060 603 1130 labore
624 1081 669 1130 ac
687 1061 917 1152 magnitudine
942 1059 1067 1126 itineris
1095 1055 1258 1141 confecti,

84 1160 248 1247 consequi
279 1179 345 1226 non
370 1169 558 1250 potuerant.
580 1159 652 1229 Sed
680 1159 821 1248 Caesar,
852 1160 998 1226 conlisus
1028 1158 1119 1226 fama
1146 1179 1259 1229 rerum
1331 1207 1332 1212 κ

83 1267 277 1350 gestarum,
300 1253 443 1327 infirmis
466 1260 595 1330 auxiliis
624 1260 792 1350 proficisci
827 1281 894 1326 non
922 1257 1132 1342 dubitaverat
1158 1264 1282 1344 atque¹

83 1366 220 1424 omnem
249 1357 313 1426 sibi
336 1358 450 1426 locum
466 1368 586 1428 tutum
619 1358 694 1427 fore
712 1358 929 1428 existimabat.
962 1355 1183 1431 Alexandriae
1216 1354 1260 1420 de

83 1453 244 1548 Pompeji
263 1467 372 1526 morte
393 1458 586 1550 cognoscite
606 1467 709 1546 atque
728 1459 776 1526 ibi
790 1457 937 1547 primunr
954 1477 973 1523 e
989 1455 1065 1523 navi
1084 1451 1261 1548 egrediens

84 1555 268 1624 clamorem
296 1557 438 1624 militam
455 1557 571 1645 suffit,
593 1574 679 1646 quos
697 1573 757 1624 rex
776 1559 808 1624 iu'
823 1557 952 1648 oppido
971 1552 1129 1645 praesidii
1145 1571 1262 1636 caussa

84 1653 285 1742 reliquerat,
304 1645 558 1744 etconcursur'u
572 1657 621 1726 ad
640 1679 677 1724 se
695 1656 768 1724 lieri
792 1657 902 1741 videt,
922 1654 1014 1744 quod
1036 1653 1146 1720 fasces
1164 1653 1262 1717 'aute-

85 1753 265 1832 ferrentur.
289 1754 329 1821 lu
353 1754 422 1823 hoc
440 1755 547 1832 omnis
569 1755 753 1827 multitudo
775 1754 984 1846 majestatem
1007 1753 1135 1844 regiam
1158 1749 1263 1820 minui

75 1851 311 1941 'praedicabat
350 1851 435 1922 Hoc
455 1854 574 1922 sedato
598 1855 765 1944 tumultu,
793 1855 928 1924 crebrae
950 1851 1115 1946 continuis
1144 1849 1263 1916 diebus

88 1972 127 2018 ex
144 1971 314 2021 concursu
336 1945 560 2022 multitudinis
576 1949 812 2031 concitationes
838 1955 981 2036 fiebant,
1004 1943 1264 2042 compluresque

87 2049 209 2123 milites
228 2051 335 2142 hujus
358 2052 450 2148 urbis
469 2055 623 2122 omnibus
642 2056 795 2146 partibus
814 2051 1104 2121 interficiebantur.

180 2165 270 2236 107.
296 2168 427 2253 Quibus
447 2169 552 2250 rebus
565 2171 823 2254 animadversis,
844 2169 996 2260 legiones
1025 2167 1088 2233 sibi
1114 2164 1200 2230 alias
1224 2183 1265 2228 ex

88 2263 166 2333 Asia
183 2268 310 2358 adduci
328 2268 452 2354 jussit,
471 2291 555 2358 quas
574 2291 615 2338 eu
633 2268 848 2360 Pompejanls
868 2266 1029 2334 militibus
1056 2261 1265 2334 confecerat:

89 2364 160 2455 ipse
188 2368 279 2434 enim
302 2369 489 2436 necessarie
506 2369 629 2436 Etesiis
646 2368 841 2453 tenebatur,
864 2367 923 2455 qui
949 2362 1150 2431 Alexandria
1172 2357 1265 2448 navi-

90 2465 248 2554 gantibus
269 2477 346 2534 suut
365 2467 591 2536 adversissimi
608 2468 707 2535 venti.
732 2466 872 2534 Interim
889 2462 1130 2534 controversias
1145 2479 1266 2551 regum

17 2619 19 2624 .
90 2563 131 2630 ad
156 2564 332 2660 Populum
353 2566 544 2634 Muranum
570 2576 605 2633 et
628 2567 671 2634 ad
700 2589 755 2651 se,
780 2564 874 2652 quod
902 2573 991 2655 esset
1015 2561 1160 2645 Consul,
1185 2555 1267 2650 per-

89 2661 193 2732 tinere
209 2666 421 2755 existimans,
443 2674 544 2754 atque
566 2688 607 2733 eo
628 2666 736 2756 magis
751 2664 865 2732 officio
880 2685 941 2731 suo
963 2663 1154 2744 convenire,
1168 2655 1267 2746 ¹quod

90 2765 263 2854 superiore
292 2765 477 2834 Consulatu
502 2787 579 2834 curu
607 2775 704 2856 patre
729 2762 924 2830 Ptolemaeo
948 2771 983 2829 et
1007 2762 1086 2848 lege
1111 2768 1146 2826 et
1175 2757 1213 2826 S.
1230 2753 1268 2824 Ο.

91 2863 232 2934 societas
251 2876 322 2934 erat
342 2856 449 2950 facta,
466 2865 630 2949 ostendit,
643 2864 709 2931 eibi
728 2864 882 2955 placere,
906 2883 1019 2958 regem
1034 2859 1269 2926 Ptolemaeum
1302 2892 1304 2896 ·

91 2970 190 3050 atque
225 2985 377 3032 sororem
408 2965 484 3054 ejus
513 2963 727 3054 Cleopatram
756 2963 939 3045 exercitas,
977 2963 1061 3048 qu'os
1086 2957 1269 3056 haberent,

92 3058 259 3131 dimittere
279 3073 313 3131 et
333 3064 376 3130 de
396 3065 631 3132 controversiis
644 3062 725 3154 jure
744 3062 836 3154 apud
853 3051 890 3129 se
909 3061 1039 3152 potius,
1062 3079 1163 3147 quam
1181 3055 1271 3121 inter

16 3214 17 3223 ,
92 3177 127 3226 se
145 3164 266 3248 armis,
282 3163 483 3254 disceptare.
674 3171 675 3174 ’
1016 3167 1018 3173 “
1178 3161 1194 3192 ”
1313 3165 1316 3173 “

186 3276 270 3346 108.
296 3278 379 3346 Erat
403 3278 437 3344 in
458 3277 692 3368 procuratione
718 3279 814 3368 regni
838 3286 980 3369 propter
1006 3281 1150 3343 aetatem
1172 3267 1269 3362 pueri

93 3376 251 3445 nutricius
270 3375 367 3468 ejus,
386 3376 580 3464 eunuchus,
604 3378 737 3446 nomiae
757 3377 934 3468 Pothinus.
959 3377 994 3444 1s
1016 3375 1164 3466 primum
1182 3369 1270 3436 inter

92 3567 646 3710 {tererestereres}
664 3561 1269 3708 retati-dis·paratasrtet

94 3692 293 3782 Konigreiclre,
312 3702 420 3782 welcbe
438 3721 460 3754 c.
478 3701 536 3754 1⁰3.
553 3701 715 3755 bezeichnet
739 3703 775 3754 ist
791 3705 843 3755 mit
860 3705 911 3755 den
928 3703 1058 3756 Worterr:
1082 3715 1131 3766 pro
1148 3695 1269 3762 hospitio

94 3765 173 3838 ptrue
190 3767 312 3820 amacitra
335 3774 428 3836 patrm.
452 3795 486 3805 -
509 3770 558 3832 ad,
582 3785 602 3819 a.
620 3785 643 3819 a.
661 3768 732 3820 (1.1.
749 3768 791 3821 46.
816 3801 849 3809 -
873 3765 1175 3836 quod-obteserreutar,
1198 3762 1269 3814 Corr-

14 3843 18 3860 '
91 3831 212 3897 sunsaiv,
228 3851 279 3887 aar
289 3833 484 3900 Bezeiclrnuug
500 3836 550 3887 der
561 3833 676 3886 ΙΑιιιιίοΙιι
687 3835 736 3886 der
747 3835 953 3896 Alexandriner,
970 3834 1076 3886 welche
1093 3831 1154 3884 ihre
1170 3828 1195 3880 ei
1216 3841 1267 3878 ene

96 3889 356 3969 Selbrtrtrindigleit
366 3902 487 3960 daduroh
499 3899 714 3975 beeiutriebtigt
730 3901 878 3969 glaubterr,
895 3901 955 3954 daia
974 3899 1016 3952 eiu
1034 3897 1185 3973 rimisclrer
1196 3845 1270 3970 bon

96 3959 138 4037 ¹111
154 3961 286 4031 (Caesar)
302 3965 353 4018 mit
371 3969 422 4018 den
433 3965 570 4036 Iusiguieu
583 3965 674 4018 seiuer
685 3967 804 4030 wiardo,
820 3974 960 4020 worunter
971 3966 1119 4020 besonders
1131 3963 1173 4013 dre
1185 3955 1272 4010 zwolf

31 4043 35 4054 ¹
95 4019 218 4084 bretoran
235 4034 286 4089 mit
302 4033 355 4084 den
371 4035 473 4086 Fasces
498 4030 650 4102 gehdrteu.
673 4032 753 4087 ilrrerr
770 4033 864 4086 Bodeu
880 4034 989 4097 betrat3
1015 4033 1086 4085 iiber
1115 4025 1182 4094 qnod
1206 4039 1227 4075 θ’.
1244 4037 1268 4077 2·

98 4087 128 4140 G·
144 4091 166 4144 l.
182 4095 223 4150 19.
240 4099 282 4166 23,
307 4128 339 4157 -,-
362 4100 531 4167 praedicare,
558 4115 578 4148 s.
596 4115 619 4150 n.
636 4100 669 4151 G.
687 4101 767 4154 139.
790 4130 822 4139 -
846 4101 956 4166 milites,
981 4115 1002 4152 a.
1019 4117 1043 4152 a,
1062 4097 1095 4148 G.
1112 4090 1160 4146 111.
1177 4087 1219 4142 19.
1235 4114 1269 4124 —

97 4159 206 4214 mnium
218 4165 359 4231 partibus,
369 4166 463 4217 blorcr
480 4162 610 4226 Ablativ,
628 4182 648 4216 a.
666 4183 689 4218 a.
707 4167 741 4220 G.
758 4166 837 4219 141,
854 4197 886 4206 -

162 4244 225 4314 ⁰³1³·
242 4248 299 4301 1⁰⁷·
333 4263 439 4315 regum,
461 4246 510 4298 dtr
531 4245 708 4314 kinigbehen
731 4248 852 4314 Kiudor,
876 4248 1018 4304 nehmlielr
1043 4241 1190 4310 Cleopatra
1213 4234 1269 4290 und

63 4375 68 4385 1
97 4297 268 4366 Ptolomaeus
283 4313 437 4381 Dionysum
454 4330 475 4364 a.
492 4327 515 4364 u.
533 4329 556 4363 c.
572 4312 630 4366 1⁰3.
646 4343 680 4354 --
866 4314 902 4386 ,p

160 4389 223 4461 081³.
238 4395 298 4452 108.
330 4401 422 4460 aetas,
447 4412 468 4450 r.
485 4412 509 4450 a.
527 4395 670 4454 (11116.
703 4397 783 4454 Naclr
798 4385 917 4471 Einigen
938 4411 997 4448 war
1018 4391 1200 4448 Paroream·
1213 4389 1271 4443 eret
