2696 4680
392 189 457 235 nin.
481 167 546 236 Ill.
567 183 648 238 eam·
665 166 714 237 56
738 207 787 222 -·-
812 167 870 239 58.
920 165 922 170 ’
1145 167 1217 238 491

16 366 439 454 itate5‘1ut‘nonsolnm
466 367 589 453 libere,
618 383 707 456 quae
725 369 916 459 probasset,
944 387 1130 458 exponere,
1158 367 1220 436 sed

16 471 135 536 tiam
170 490 296 559 magna
331 489 372 532 ex
399 476 499 556 parte
531 466 740 556 compellere
765 478 866 558 atque
903 475 1068 535 errantem
1101 489 1220 558 regere

16 575 176 634 resset:
202 588 358 657 praeesse
378 573 490 632 autem
506 587 567 632 suo
584 568 716 634 nomine
732 569 898 652 exercitui,
919 576 969 652 ut,
984 574 1119 658 praeter
1139 587 1219 656 auc-

17 667 227 748 oritatem,
236 668 324 732 vires
334 687 469 754 qnoque
482 665 525 732 ad
538 667 758 733 coercendum
767 667 918 735 haberet:
934 667 1063 758 quodsi
1074 661 1221 753 fecisset,

16 767 196 854 quietem
205 765 332 850 ltaliae,
343 786 461 854 pacem
472 765 729 857 provinciarum,
743 766 882 832 salutem
894 767 1025 856 imperii
1037 766 1094 834 uni
1106 773 1222 832 omnes

16 874 222 956 receptam
237 865 411 932 relaturos.
436 864 531 932 Haec
549 864 593 932 ad
610 889 687 932 eum
704 865 857 932 mandata
871 864 1009 935 Clodius
1029 865 1142 934 refert.
1168 864 1222 932 Ac

16 965 163 1056 primis
178 963 307 1048 diebus,
323 973 362 1032 ut
376 963 569 1049 uidebatur,
579 963 726 1032 libenter
740 964 889 1050 auditus,
905 963 1040 1059 reliquis
1053 965 1096 1033 ad
1106 964 1221 1033 ‘eollo-

16 1064 165 1153 qui'um
184 1085 251 1130 non
259 1063 468 1148 admittitur,
488 1065 651 1154 castigato
664 1063 821 1154 Scipione
839 1063 1033 1152 aFaronio,
1053 1073 1222 1156 utpestea

16 1163 207 1233 confecto
229 1162 322 1231 bello
344 1162 608 1256 reperiebamus:
628 1164 819 1254 infectaque
840 1185 877 1231 re
893 1183 966 1232 sese
982 1165 1025 1232 ad
1045 1163 1222 1234 Gaesarem

16 1263 200 1354 recepit,
251 1333 254 1336 ,
490 1261 498 1267 ’
654 1311 658 1321 =
693 1287 697 1297 ’
763 1295 778 1313 ·=
1218 1304 1221 1310 ·

134 1357 207 1430 58.
239 1358 384 1450 Caesar,
409 1377 488 1451 ‘quo
523 1362 657 1454 facilius
688 1363 874 1454 equitatum
905 1360 1149 1453 Pompejanum
1179 1361 1224 1428 ad

16 1459 304 1553 Dyrrhachium
338 1463 523 1530 contineret
557 1473 592 1530 et
625 1462 838 1554 pabulatione
871 1460 1086 1552 prohiberet,
1115 1460 1225 1544 aditus

18 1561 155 1646 duos,
173 1563 266 1651 ‘qnos
286 1581 360 1629 esse
380 1571 542 1658 angustos
564 1561 883 1647 demonstravimus,
912 1561 1043 1652 magnis
1069 1558 1226 1649 operibus

21 1661 275 1752 praemunivit
297 1661 504 1749 castellaque
519 1659 575 1730 his
595 1662 679 1746 locis
696 1662 819 1753 posuit
842 1660 1049 1751 PompejuS,
1066 1654 1124 1726 ubi
1141 1657 1228 1724 nihil
1287 1699 1290 1710 ‹

23 1759 172 1852 profici
196 1760 348 1848 equitatu
375 1762 563 1851 cognovit,
580 1763 696 1852 paucis
724 1761 920 1830 intermissis
949 1758 1086 1843 diebus,
1111 1777 1228 1824 rursus

29 1881 124 1926 eum
148 1858 287 1926 naribus
307 1859 404 1941 adse
423 1861 508 1927 intra
527 1855 725 1929 munitiones
745 1861 885 1952 recipit'
906 1860 990 1928 Erat
1008 1879 1138 1926 summa
1154 1856 1228 1923 ino-

29 1960 99 2049 pia
123 1957 262 2048 pabuli,
277 1958 363 2026 adeo
378 1969 418 2026 ut
432 1959 523 2027 foliis
540 1982 581 2028 ex
598 1960 772 2029 arboribus
791 1960 917 2028 strictis
937 1969 971 2026 et
986 1957 1110 2026 teneris
1128 1957 1229 2023 arunss

35 2058 169 2124 clinum
190 2055 357 2127 radicibus
376 2059 524 2127 contusis
548 2083 654 2150 equos
670 2059 1008 2128 alerenen-amenta
1026 2058 1125 2142 enim,
1143 2077 1230 2143 quae

16 2157 186 2224 ¹fuerant
201 2157 303 2224 intra·
323 2155 523 2225 munitiones
554 2170 640 2245 sata,
668 2168 919 2228 consumserant
946 2168 981 2226 et
999 2156 1229 2248 pungebantur,

38 2256 203 2346 Corcyra
219 2267 322 2344 atque
340 2256 542 2342 Acarnania,
559 2258 663 2350 longo
681 2260 855 2327 interiecto
870 2257 1090 2350 navigationis
1109 2255 1231 2345 spatio,

16 2355 236 2445 ,pabulum
256 2364 475 2445 supportare,
519 2365 655 2446 quoque
680 2367 759 2424 'erat
791 2357 865 2446 ejus
897 2357 947 2423 rei
985 2358 1093 2422 minor
1115 2354 1232 2444 eopia,

41 2454 194 2522 hordeo
209 2453 393 2546 ‘adaugere
425 2463 527 2543 atque
560 2457 615 2524 his
650 2456 831 2524 rationibus
857 2457 1044 2544 equitatum
1078 2451 1232 2521 tolerare.

46 2553 145 2638 Sed,
169 2562 351 2643 portquam
384 2575 449 2622 non
480 2555 582 2622 medo
611 2553 778 2623 hordeum
810 2555 1042 2652 pabulumque
1079 2552 1234 2621 omnibus

45 2651 139 2721 locis
161 2652 355 2744 herbaeque
374 2653 530 2732 desectae
551 2654 611 2724 sed
636 2657 735 2748 etiam
755 2654 892 2739 frondes
918 2677 958 2722 ex
979 2651 1153 2721 arboribus
1170 2653 1233 2718 de-

16 2793 17 2820 :
47 2751 227 2840 liciebant,
254 2755 422 2844 cormptis
446 2754 543 2842 equis
558 2755 682 2843 macie,
697 2755 884 2823 conandum
904 2754 967 2822 sibi
986 2753 1116 2842 aliquid
1127 2752 1235 2820 Pom-

48 2852 154 2943 pejns
173 2851 218 2920 de
238 2854 415 2945 eruptione
434 2854 644 2924 existimavit.

16 3001 17 3020 ³
50 3011 99 3048 auo
116 2996 215 3048 nomine
231 2997 250 3050 ἰ.
267 3015 289 3050 e.
305 3014 359 3050 nou
375 2967 502 3065 l'ompeji
517 2999 647 3066 nominee
662 3017 692 3053 er
708 3017 757 3068 say
767 2998 832 3054 lein
842 2998 949 3052 blol'ser
960 2974 1248 3051 GenerelrlesPom'ss

51 3063 157 3136 pejus,
167 3065 283 3115 eundern
302 3065 442 3116 Proconsul
457 3082 511 3117 von
528 3064 626 3131 Syrien
644 3069 698 3120 und
714 3065 753 3117 im
769 3063 879 3146 Benitne
897 3065 972 3145 eines
994 3065 1108 3134 eigcnen
1120 3064 1236 3116 Heeres.

16 3195 17 3202 ¹
53 3129 1063 3268 {tltttttttttettttt?aGebtlu’dtmttttttta5·l·
1077 3130 1126 3247 ll·
1141 3129 1259 3247 labi--

58 3259 222 3338 nnngabqeh
238 3261 289 3312 aui
305 3261 353 3312 der
370 3260 444 3314 Seite
461 3264 509 3315 der
520 3263 749 3344 Schuldnereine
761 3265 873 3318 Summe
885 3263 927 3316 als
938 3261 1098 3317 erhalteu'es
1109 3261 1236 3312 dnlehen

16 3351 17 3420 u
59 3326 1237 3466 restaurareeruetant:,restitueremustntaeu:

60 3473 115 3508 uua
130 3457 279 3508 vudunbeo.
295 3459 353 3510 Das
362 3452 530 3527 Gefientheil
543 3463 580 3515 iet
591 3479 725 3530 expensum
738 3466 829 3528 ferrei
842 3459 1137 3532 daslteebmmgsbuch
1147 3459 1236 3525 selbst

49 3521 146 3574 heilst
156 3524 261 3574 tubrulue
272 3523 373 3591 accepti
383 3533 409 3580 et
419 3530 527 3594 expensi.
538 3557 572 3568 -
582 3530 724 3596 castigare,
739 3547 759 3580 s.
771 3545 794 3579 a.
810 3530 831 3581 1.
842 3529 907 3582 31-
915 3530 1052 3592 Fauonius,
1066 3545 1088 3578 c.
1097 3527 1139 3578 36,
1151 3556 1183 3566 -
1191 3541 1235 3577 re-

16 3589 17 3610 *
59 3587 231 3657 pericherum,
248 3590 290 3642 Im
311 3591 372 3656 ert,
392 3609 412 3642 s.
431 3609 451 3644 a.
473 3594 505 3646 G.
522 3595 544 3647 I.
560 3596 602 3648 bd.
618 3595 655 3647 ΙΙ.
671 3595 697 3651 4.
713 3595 754 3646 12.
770 3595 960 3662 Ibe-infectu
970 3612 1014 3659 re,
1030 3612 1051 3646 s.
1061 3611 1083 3645 u.
1093 3592 1138 3646 Vl.
1149 3591 1191 3645 12.
1201 3619 1235 3630 -

127 3655 187 3721 Cep.
202 3655 243 3708 58.
296 3659 518 3724 ωηοπετναυίπιως
535 3661 672 3729 Nirgends
688 3660 728 3712 im
740 3654 873 3731 Voiherg.
889 3663 927 3714 ist
944 3661 1043 3713 hieron
1055 3659 1115 3711 eine
1126 3673 1237 3730 geuene

63 3721 232 3790 Erudhnnng
248 3723 419 3792 gescheben3
445 3728 684 3779 herenniano
709 3725 953 3797 im‘Allgemeinen
977 3727 1089 3795 hierbae
1109 3727 1235 3794 beregen

64 3788 181 3856 werden,
206 3789 248 3840 od.
265 3788 346 3854 eflll.
364 3796 396 3842 ut
413 3797 491 3854 erant
513 3795 734 3846 locumnntuosa
757 3811 782 3844 n.
800 3812 820 3846 s.
837 3811 871 3846 w.
911 3793 1044 3846 Aebnlich
1060 3792 1178 3844 ¹verba'elt
1204 3805 1237 3840 ee

66 3853 122 3906 sich
145 3871 165 3904 e.
189 3852 231 3907 55.
255 3883 288 3892 -
311 3855 350 3906 lu'a
377 3857 452 3920 loeis,
476 3859 548 3910 ohne
574 3861 615 3922 lu,
632 3859 719 3928 vergl.
738 3877 760 3912 n.
778 3861 852 3913 Vlll.
869 3861 911 3914 43.
928 3859 1014 3918 muris
1032 3859 1183 3925 disponere.
1201 3881 1236 3892 -

16 3929 17 3940 ¹
68 3920 169 4036 Corcqqn
185 3927 261 3988 atque
271 3921 434 3985 Acarnania,
451 3925 544 3977 bloscr
554 3925 667 3979 Ablativ
678 3927 749 3978 ohne
759 3927 961 4004 Praeposition,
972 3920 1237 3996 bemerlrenswcrth,

69 3985 131 4038 Rma
150 4024 156 4038 .
173 3986 219 4040 Gr.
237 3988 262 4052 ἕ.
278 3987 337 4039 141.
353 4005 379 4054 p.
396 3989 455 4042 ets.
473 4007 512 4057 sq.
529 3991 613 4043 Rsch.
630 3988 665 4042 11.
683 3995 705 4054 S.
724 3991 782 4044 195.
799 4011 824 4044 n.
841 3995 897 4048 Ver
915 3995 934 4060 l.
952 3993 977 4044 d.
994 3993 1116 4058 Nchweg
1134 4006 1157 4039 a.
1175 4003 1196 4038 e.
1207 3984 1234 4037 Ἰ.

71 4051 132 4104 Coro
163 4069 212 4114 ue,
229 4070 254 4104 u.
272 4070 295 4104 u.
311 4054 334 4105 1.
351 4056 392 4106 31.
409 4073 509 4122 -qno
525 4059 624 4118 minor,
641 4075 662 4108 s.
680 4059 705 4108 d.
721 4059 843 4129 Nchweg
859 4079 883 4112 u.
897 4011 921 4113 l
937 4058 979 4112 52.
1001 4089 1035 4098 -
1057 4059 1189 4114 tolerare,
1211 4065 1235 4130 s.

73 4131 94 4165 z·
107 4119 159 4172 Vll.
174 4118 216 4170 tl.
232 4148 266 4156 —
282 4121 396 4172 omuibus
413 4123 489 4183 loeis,
506 4123 577 4173 ohne
594 4125 639 4183 iu,
658 4140 678 4174 s.
696 4141 718 4175 u,
736 4124 768 4177 V.
785 4123 826 4176 51.
843 4124 884 4178 58.
901 4157 933 4166 -
953 4127 1063 4190 frendes
1080 4139 1116 4172 ec
1133 4119 1236 4169 arbort-

73 4179 126 4247 bua,
140 4202 159 4238 e.
175 4201 197 4236 u.
214 4186 246 4238 V.
263 4184 305 4244 13.
321 4215 355 4224 -
370 4195 506 4254 postquam
523 4187 575 4238 mit
592 4188 654 4240 dem
671 4189 782 4260 Imperi.
800 4191 949 4256 deficiebant
966 4191 1068 4241 heilst:
1093 4185 1234 4260 naebdem,

75 4247 109 4296 ele
128 4252 206 4302 uach
230 4252 297 4302 utre
319 4253 404 4303 oncle
426 4255 493 4304 oder
514 4255 632 4319 allmcilig
650 4256 826 4324 auszugehen
847 4258 1117 4324 noflengadegenen
1139 4249 1234 4300 wrrrde

75 4320 223 4448 allatu
238 4318 804 4456 salamitae·autemurale
811 4323 987 4451 claua.
998 4315 1234 4446 51151511
1306 4431 1309 4438 ,

17 4499 20 4508 .
76 4459 100 4509 p.
112 4443 162 4497 581.
175 4463 201 4498 u.
216 4449 362 4522 Aug-Get.
379 4452 556 4506 commentar
571 4471 594 4506 a.
611 4455 636 4506 el.
652 4455 790 4511 Materinl.
807 4456 920 4510 Excurs.
936 4455 972 4508 11.
984 4447 1091 4518 pcffih
1107 4444 1232 4499 Doelelre
1309 4455 1312 4471 ¹

79 4511 726 4600 ‘immutab-decret,eatet-
791 4602 792 4608 ἵ
853 4615 855 4622 y
1098 4571 1279 4642 ᾤ
