2692 4672
268 126 271 139 ]
435 111 904 218 tm.lll.cnn.ti8-il.
977 165 980 173 ·
1194 150 1269 222 m

91 345 167 420 tur,
190 347 374 428 empnrte,
406 363 473 429 qua
501 341 700 431 proruebat,
723 365 796 412 sese
825 335 1026 434 recipiebat,
1051 337 1267 441 repletique
1287 423 1289 426 ,

88 457 133 506 ex
147 438 214 522 iis,
236 461 278 506 ne
305 439 338 506 in
364 440 538 531 angustias
561 440 762 527 inciderent,
784 443 902 512 decem
925 444 1052 533 pedum
1075 435 1267 518 munitionis

86 556 130 605 se
155 538 188 606 in
211 537 321 606 fossas
351 539 616 632 paeeipitabantt
642 540 827 631 primisque
855 535 1028 634 oppressis
1055 545 1177 636 reliqui
1206 567 1268 641 per

87 635 213 704 horum
235 657 377 727 corpora
398 638 541 706 salutem
560 639 623 708 sibi
643 651 745 728 atqne
761 643 887 718 exitum
914 643 1111 733 pariebant-
1124 646 1268 718 Sinistr'o

86 753 193 804 cornu
219 737 364 822 milltes,
389 753 494 826 quum
515 755 557 806 ex
580 740 671 808 vallo
687 732 892 831 Pompejum
914 741 1032 814 adesse
1049 752 1088 811 et
1107 766 1187 814 suos
1210 745 1280 815 fu·-

88 857 173 926 gero
192 845 384 920 cernerent,
410 838 525 922 veriti,
551 861 594 906 ne
627 839 1135 930 angustiis'intercluderentur,
1162 865 1269 934 quum

87 943 184 1000 extra
207 943 243 1002 et
269 933 359 1002 intus
378 935 516 1005 hostem
538 936 720 1022 baberent,
744 939 887 1023 eodem,
916 961 984 1028 quo
1006 953 1182 1029 venerunt,
1214 924 1281 1014 're-⁹

89 1041 195 1122 ceptn
218 1032 282 1102 sibi
309 1033 547 1121 consulebant,
575 1037 753 1125 omniaque
780 1046 875 1106 erent
903 1039 1093 1125 tumultus,
1121 1035 1277 1129 timoris,l

84 1131 193 1224 fugae
219 1132 338 1222 plena,
359 1134 445 1202 odeo
464 1144 525 1219 ut,
549 1151 655 1224 qaum
678 1137 802 1206 Caesar
825 1138 922 1228 signa
946 1137 1149 1230 fugientium
1166 1163 1269 1213 manu

85 1231 316 1322 prehenderet
336 1243 371 1300 et
392 1234 574 1304 consistere
586 1236 742 1324 juberet,
759 1235 816 1304 alii
834 1235 980 1314 dimissis
998 1238 1093 1326 equis
1111 1241 1269 1330 eumdem

86 1339 237 1404 cursum
251 1332 473 1417 conficerent,
498 1333 557 1400 alii
587 1355 630 1428 err
652 1343 749 1402 metu
774 1336 877 1405 etittn
910 1335 1014 1426 signa
1041 1337 1267 1428 dimitterent,

37 1475 40 1480 -
85 1451 200 1517 neque
218 1431 397 1519 quisquam
416 1425 550 1499 omniuo
574 1432 791 1512 consisteret.-

190 1523 249 1597 tu.
275 1529 338 1598 His
368 1531 469 1598 tontis
494 1531 603 1600 malis·
619 1533 706 1600 haec
739 1531 903 1604 subsidia
920 1522 1183 1619 succurrebant,
1199 1557 1269 1624 quo

83 1628 198 1698 minus
230 1631 337 1696 omnis
370 1629 540 1696 deleretur
573 1630 759 1722 exercitur,
781 1629 876 1718 qnod
905 1630 1118 1722 Ponrpejns,
1132 1632 1268 1704 insidias

83 1728 209 1794 timens
234 1726 373 1817 (credo,
396 1729 489 1817 qnod
505 1729 591 1799 haec
614 1738 751 1820 praeter
771 1751 870 1820 spem
892 1729 1084 1798 acciderant
1102 1732 1195 1820 ejus,
1211 1734 1271 1821 qul

82 1826 207 1917 paullo
228 1835 306 1895 aute
330 1850 372 1896 ex
403 1823 520 1905 cestrie
541 1828 712 1921 fugientes
731 1850 812 1898 suos
831 1828 1093 1919 conspexerat),
1110 1831 1271 1900 munitio·

86 1925 188 1994 nibus
201 1929 472 2018 appropinquare
486 1927 773 2016 aliquamdiurnnn
791 1926 946 2010 audebat,
965 1927 1166 2017 equitesque
1183 1928 1270 2019 ejus,

83 2025 238 2116 angustis
266 2020 373 2116 portis
398 2036 501 2116 etque
527 2027 582 2096 bis
605 2051 625 2094 a
646 2027 798 2096 Caesaris
821 2026 984 2096 militibus
1008 2029 1201 2118 occupatis,
1222 2019 1270 2096 ad

84 2124 335 2213 insequendum
344 2127 570 2199 tardabantur.
594 2127 647 2194 Ita
661 2149 784 2217 parone
796 2147 853 2192 res
868 2148 1030 2216 magnum
1044 2127 1078 2192 in
1092 2136 1271 2215 utramque

83 2233 218 2314 partem
240 2235 447 2294 momentum
467 2226 668 2296 habuerunt.
693 2225 901 2297 Munitinnes
918 2225 1024 2309 enim,
1046 2245 1066 2290 a
1086 2220 1269 2294 nostrised

83 2323 211 2392 flumen
242 2313 675 2416 perductae,·expugnatir
706 2322 782 2414 jam
815 2323 933 2402 castris
957 2320 1135 2412 Pompeji,
1158 2342 1269 2413 prope

78 2417 155 2511 jam
182 2423 375 2511 expeditam
402 2423 553 2491 Caesaris
581 2423 754 2490 victoriam
789 2421 1106 2512 interpellaverunt:
1149 2420 1269 2492 eadem

84 2539 156 2608 res,
173 2522 344 2592 celeritate
358 2523 604 2612 insequentium
627 2517 775 2606 tardato,
799 2520 923 2588 nostris
945 2520 1091 2588 salutem
1111 2519 1235 2588 attulit
1313 2527 1327 2594 ’,

184 2619 242 2698 tl,
264 2617 410 2690 Duobus
435 2619 490 2700 hie
509 2621 618 2690 ,unius
649 2620 716 2688 diei
748 2613 887 2709 proeliis
911 2618 1038 2688 Caesar
1064 2607 1269 2688 desiderbvit

82 2719 209 2788 milites
216 2719 434 2788 DOCCCLX
444 2731 478 2788 et
493 2720 932 2809 notosEqnitesRomanos:
944 2717 1156 2810 Felginr'rtem
1165 2711 1268 2786 Tuti-

85 2833 206 2888 canum
228 2818 387 2904 Gallum,
418 2819 589 2888 senatoris
614 2814 745 2901 tilium3
776 2815 1269 2909 0.=Ferginnrem1³racsnrta;

83 2921 127 2986 rb
144 2918 308 2994 Granium
326 2919 497 2998 Puteblis3
515 2919 565 2987 M.
580 2905 817 2988 Sacratinirum
835 2917 970 3009 Oapna3
993 2917 1163 2986 Tribunos
1178 2915 1270 2984 rnili-

83 3029 160 3086 tum
182 3027 219 3086 et
232 3005 454 3086 -Centuriobes
475 3019 619 3086 XXXll.
644 3019 714 3086 Sed
731 3019 856 3085 horum
869 3018 1018 3086 omnium
1037 3039 1116 3108 pars
1131 3037 1269 3106 magua,

84 3111 119 3184 in
144 3116 245 3186 fossis
274 3118 581 3207 munitionibusque
606 3126 642 3185 et
666 3118 814 3186 fluminis
834 3118 918 3208 ripis
940 3127 1105 3208 oppresse
1129 3135 1268 3183 suorum

84 3227 214 3283 terrore
248 3238 288 3284 ao
323 3217 426 3307 fuga,
458 3218 530 3284 sine
555 3217 628 3286 ullo
658 3217 797 3284 vulnere
823 3216 967 3297 interiit,
998 3216 1163 3305 signmue
1189 3221 1268 3294 sunt

85 3315 243 3384 militaria
261 3315 398 3384 XXXII
420 3317 549 3384 amissa
585 3315 772 3407 Pompejus
792 3339 833 3384 eo
852 3314 987 3404 proelio
1005 3315 1196 3404 Imperator
1211 3320 1288 3394 est,

83 3414 287 3506 appellatae.
323 3415 402 3484 Hoc
423 3436 543 3482 nomeu
563 3416 708 3494 obtinuit
729 3425 831 3504 atque
855 3414 902 3480 ita
926 3436 963 3480 se
985 3423 1106 3504 postea
1130 3410 1268 3508 mlutari

85 3518 207 3606 passus
237 3524 308 3596 est3
340 3515 401 3584 sed
426 3515 460 3582 in
484 3514 624 3600 litteris,
650 3536 734 3603 quas
755 3513 901 3582 scribere
921 3522 973 3580 est
996 3511 1134 3597 solitus,
1157 3534 1268 3601 neque

83 3707 129 3760 24.
144 3705 185 3760 29.
202 3707 257 3760 Mit
272 3708 337 3772 dem
351 3707 495 3768 Ausdruclr
510 3724 545 3760 cn
564 3713 645 3774 purte
670 3705 758 3774 vergl.
775 3721 798 3755 n.
816 3706 847 3771 V,
864 3703 903 3756 la.
921 3721 975 3774 qna
991 3705 1021 3756 etr
1037 3708 1122 3770 perte.
1139 3732 1172 3742 ·-
1188 3705 1270 3765 tetur,

84 3791 106 3825 s.
124 3789 148 3824 n.
166 3791 189 3827 c.
205 3770 247 3826 26.
273 3803 307 3812 -
332 3773 436 3837 endon,
458 3788 507 3840 quo
523 3779 664 3834 uenerant,
686 3777 826 3838 recepto
849 3785 883 3816 τ.
912 3773 1022 3832 eodem,
1045 3785 1098 3838 quo
1122 3773 1268 3829 venerunt,

82 3837 230 3903 itinerque
246 3839 302 3892 reci
312 3837 416 3890 tientes.
433 3867 466 3877 -
483 3840 609 3890 dimittere
626 3855 703 3904 equos
719 3853 745 3890 ιι.
762 3837 855 3904 signo,
868 3837 967 3901 soloen
978 3836 1078 3900 laesere,
1095 3852 1116 3889 ι.
1134 3853 1157 3888 n.
1174 3835 1206 3888 V.
1225 3832 1268 3885 18.

42 3913 45 3924 '
83 3905 137 3958 mn
154 3907 209 3957 und
226 3857 354 3961 desselbc
372 3899 494 3958 Verbum
516 3905 545 3956 iu
568 3903 796 3956 ebendemselben
813 3903 894 3954 Sutne
911 3901 1091 3966 winderholt,
1114 3919 1136 3954 s.
1153 3919 1177 3953 z.
1195 3901 1228 3952 G.
1244 3897 1267 3951 1.

84 3971 128 4024 44·
145 3971 192 4088 Iove
210 3967 473 4100 llilXlelebto-ntus,
490 4053 553 4088 en.
570 4033 604 4087 G.
621 4035 643 4086 1.
660 4035 702 4088 42.
726 4063 759 4071 —
784 4032 906 4102 angustie
922 4031 1027 4100 parte,
1051 4032 1180 4094 Ablativ,
1205 4025 1227 4081 ιζ
1243 4044 1267 4082 n.

86 4103 120 4181 ll.
136 4101 158 4156 l.
175 4053 217 4156 ll.
235 4120 260 4171 p.
278 4099 319 4155 18.
342 4132 373 4140 -
399 4109 477 4169 atque
494 4103 551 4182 bic,
577 4109 598 4160 n,
616 4117 639 4152 z.
657 4101 688 4154 V.
706 4099 748 4174 lb.
772 4114 806 4139 4-
827 4101 931 4180 tqrdort'
946 4101 1002 4163 od,
1020 4118 1040 4179 q,
1058 4117 1081 4150 n.
1099 4096 1159 4160 Vll.
1176 4095 1269 4174 2115-

84 4167 1048 4304 rurr¹⁴a„;·rr1,‘in¹ir¹marcitenentum:firm
1071 4169 1099 4216 ⁰‘
1122 4161 1270 4230 ¹²⁰¹“¹'⁰'¹³

153 4299 218 4367 Cep.
234 4301 277 4353 11.
312 4301 408 4352 duobos
420 4301 539 4368 proeliis,
557 4318 582 4352 o.
597 4300 639 4354 53.
658 4298 783 4352 omnibus
800 4298 920 4367 proeliis.
936 4326 969 4336 -
986 4297 1078 4348 Ueber
1090 4293 1134 4344 die
1146 4289 1271 4346 Abletivi

84 4363 227 4424 Placentia
243 4383 269 4420 n.
287 4382 309 4421 ι.
325 4382 358 4420 w.
376 4383 397 4418 ι.
414 4382 438 4418 r.
454 4365 476 4418 1.
493 4365 535 4421 21.
557 4395 590 4407 -
611 4366 755 4435 Imperator
772 4365 933 4436 appellatus,
950 4373 1012 4415 sen
1028 4361 1065 4412 Il.
1081 4357 1124 4414 26.
1140 4387 1173 4398 -
1190 4357 1271 4428 Siag-
