2692 4672
119 99 200 210 494
545 155 591 204 nra
605 153 723 214 numo
746 151 850 202 mann

121 335 301 406 viminibus
327 334 439 404 iacere
459 342 568 422 atque
585 348 749 427 aggerem
763 324 979 422 comportare
1001 330 1112 422 jubet.
1156 331 1224 400 His
1241 353 1289 424 pn-

121 437 204 526 ratis
226 435 345 519 rebus,
371 456 531 525 magnum
566 455 741 501 numerum
766 432 852 498 levis
876 441 1064 500 armaturae
1090 439 1125 498 et
1160 432 1291 522 wgittn-
1322 477 1323 516 p

88 547 90 551 ’
121 537 249 604 riorum
264 554 494 626 aggeremque
508 553 641 600 omnem
655 541 758 600 noctu
771 532 805 598 in
816 531 961 621 scaphas
974 541 1008 600 et
1024 532 1293 600 naues-actuarias
1322 527 1323 588 l

123 636 267 725 imponit
294 645 332 701 et
355 633 400 699 de
433 631 543 698 media
574 643 673 700 nocte
695 621 853 700 cohortes
873 631 1065 722 sexaginta,
1086 631 1293 698 ex'nraximis

122 735 241 813 castris
266 730 509 824 praesidiisque
535 729 718 816 deductas,
744 729 788 796 ad
820 749 894 798 eam
920 739 1053 821 partem
1078 729 1294 797 munitionum

122 835 233 916 ducit,
259 829 351 919 'quae
382 830 593 921 pertinebant
619 830 664 896 ad
690 851 781 896 mare
810 829 1072 924 longissimeque
1102 853 1123 895 a
1152 828 1294 896 maximis

123 931 242 1002 castris
260 931 411 999 Caesaris
429 931 573 997 aberant.
598 929 730 996 Eodem
757 951 875 1013 naves,
897 951 982 1017 quas
1001 929 1294 1024 demonstravimus

115 1053 249 1122 xaggere
270 1041 305 1096 et
329 1029 414 1097 leuis
438 1041 625 1096 armaturae
653 1029 815 1096 militibus
844 1029 1049 1119 completas,
1081 1049 1240 1116 quasque
1260 1026 1295 1092 ad
1322 1047 1323 1064 .

119 1130 375 1220 Dyrrhachium
404 1151 504 1198 naves
528 1128 649 1219 longas
669 1128 833 1212 habebat,
858 1127 962 1195 mittit
994 1137 1030 1194 et
1059 1127 1192 1216 quida
1220 1149 1294 1216 quo-
1322 1215 1323 1220 ἵ

120 1253 190 1318 que
212 1231 284 1302 fieri
306 1229 389 1296 velit
410 1228 583 1318 praecipit.
607 1227 743 1294 Adeas
764 1226 964 1307 munitiones
981 1225 1102 1294 Caesar
1118 1226 1295 1294 Lentulum
1322 1237 1323 1254 ¹

83 1325 91 1342 ’
120 1329 380 1414 Marcellinum,
406 1329 649 1412 Quaestorem‚
673 1349 751 1395 cum
784 1326 919 1418 legione
944 1325 1040 1392 Nona
1065 1327 1220 1416 positum
1242 1325 1294 1392 ha·
1322 1365 1323 1406 ;

108 1427 230 1496 'bebat
278 1428 385 1512 Huic,
422 1427 516 1515 quod
546 1425 741 1494 valetudiue
767 1427 877 1493 minus
911 1425 1089 1494 commoda
1127 1425 1293 1506 utebatur,
1322 1417 1323 1420 '

119 1525 281 1598 Fulvium
302 1527 504 1596 Postdmnm
526 1523 718 1614 adjutorem
742 1525 951 1613 submiserat
1199 1585 1202 1594 .
1322 1515 1323 1596 J

115 1690 124 1697 .
219 1626 280 1695 bb
304 1627 389 1696 Erat
408 1647 448 1692 eo
469 1624 545 1693 loco
559 1624 660 1700 ‚fossa
679 1624 807 1716 pedum
826 1623 1017 1714 quindecim
1036 1633 1072 1691 et
1094 1624 1208 1692 vallus
1224 1644 1293 1692 eon-

112 1735 173 1804 tra
190 1726 325 1794 hostem
339 1726 373 1792 in
397 1722 608 1791 altitudinem
626 1724 753 1814 pedum
773 1723 911 1806 decem,
925 1723 1212 1813 ‘tantumdemque
1231 1720 1292 1812 ejus

99 1825 204 1891 *valli
222 1847 331 1916 agger
346 1827 386 1911 in
412 1822 792 1913 latitudinempatebat
825 1823 883 1891 Ab
899 1805 1173 1909 eo,'intermisso
1196 1820 1292 1912 spatio
1322 1839 1323 1874 t

119 1923 250 2014 pedum
278 1931 531 2006 sexcentorum,
555 1921 641 1988 alter
664 1921 852 1990 tcdnversus
880 1923 920 1990 in·
943 1923 1144 2004 contrariam
1175 1931 1290 2012 partem

120 2031 195 2090 erat
214 2021 345 2106 vallus,
366 2021 547 2091 humiliare
567 2022 683 2113 paullo
703 2023 901 2090 munitione:
921 2024 990 2090 hoc
1013 2023 1100 2090 enim
1118 2019 1290 2113 superiori·
1322 2015 1323 2088 ἐ

120 2120 186 2190 bus
212 2120 332 2190 diebus
357 2122 479 2190 timeus
509 2119 650 2208 Caesar,
682 2145 724 2189 ne
753 2123 891 2190 navibus
924 2123 1046 2191 nostris
1078 2101 1288 2190 eiieumueni·

120 2230 256 2308 rentur,
286 2221 459 2312 duplicem
484 2243 526 2289 eo
555 2221 632 2289 loeo
649 2222 788 2306 'fecerat
822 2221 950 2290 vallum
967 2271 977 2306 ‚
992 2231 1077 2306 ut,
1109 2223 1139 2289 si
1169 2216 1290 2310 ancipiti
1322 2215 1323 2244 ³

120 2320 254 2412 proelio
272 2321 503 2405 dimicaretur,
521 2330 642 2412 posset
661 2320 780 2398 resisti.
805 2321 876 2390 Sed
895 2343 1036 2411 operam
1050 2319 1247 2412 magnitudo
1263 2325 1288 2382 et

120 2421 292 2488 continens
317 2421 466 2488 omnium
487 2419 620 2488 dierum
642 2421 755 2506 labor,
774 2421 867 2510 quod
887 2421 979 2487 milia
1000 2442 1164 2511 passuum
1188 2417 1289 2486 incir-

122 2521 215 2588 cuitu
247 2519 489 2609 septemdecim
521 2521 704 2590 mnnitione
744 2530 816 2587 erat
851 2520 1069 2611 complexus,
1108 2512 1287 2611 perficiendi

120 2619 268 2708 spatium
285 2641 350 2686 non
374 2620 483 2686 dabat.
513 2619 636 2708 Itaque
656 2617 771 2688 'contra
798 2629 889 2686 mare
912 2630 1140 2687 transversum
1168 2617 1288 2697 vallum,
1322 2637 1323 2646 ¹

122 2719 181 2812 qui
209 2717 272 2786 has
299 2717 383 2786 duas
417 2717 621 2789 munitiones
655 2720 885 2811 contingeret.
921 2719 1070 2786 nondum
1104 2719 1287 2810 perfecerat.
1322 2703 1323 2796 J

121 2816 292 2902 Quaeres
325 2827 404 2884 nota
429 2826 500 2884 erat
520 2816 705 2910 Pompeio,
730 2819 843 2898 delata
869 2841 933 2909 per
955 2811 1166 2910 Allobrdgas
1186 2815 1287 2910 perfu·
1322 2861 1323 2870 .

46 2977 56 2988 ,
120 2937 201 3010 gas,
230 2938 458 3007 magnumque
488 2918 610 2985 nostris
634 2917 749 2987 attulit
774 2918 1046 2987 incommodum..
1060 2917 1174 3006 Nam,
1204 2925 1240 2985 ut
1253 2909 1286 2980 ad
1322 2895 1323 2938 ¹

119 3076 163 3130 12.
180 3103 214 3116 -
229 3077 291 3128 levis
308 3081 460 3138 armatura,
476 3092 498 3129 s.
515 3073 638 3132 n.'c.,38.
654 3105 689 3116 -
703 3094 782 3129 nunes
798 3079 945 3142 oscitantiae⁸
964 3094 987 3130 s.
1003 3094 1027 3130 a.
1043 3079 1076 3130 V.
1092 3079 1117 3132 1.
1128 3105 1165 3116 -
1177 3055 1285 3146 imponere
1322 3105 1323 3108 =

120 3142 174 3198 mit
190 3145 295 3205 Accua,
313 3160 334 3194 a.
351 3159 375 3194 n.
393 3143 426 3194 G.
443 3141 463 3193 Ι.
481 3141 523 3194 51.
539 3172 571 3180 —
589 3145 626 3194 de
641 3145 707 3195 med.
723 3151 814 3207 noete,
841 3161 863 3195 s.
880 3161 904 3195 a.
923 3145 956 3197 G.
973 3146 995 3197 1.
1012 3145 1054 3198 12.
1070 3173 1104 3182 -
1118 3148 1285 3212 pertinum·
1322 3151 1323 3156 ’

121 3227 145 3261 a.
161 3211 192 3262 ll.
208 3210 233 3260 1.
250 3237 282 3246 —
300 3209 374 3261 seatt
392 3208 440 3260 des
456 3207 578 3260 Plurnlis
592 3211 757 3276 pertinebant
774 3215 905 3263 erwartet
921 3224 985 3263 men
1002 3210 1153 3280 cigentlicb
1172 3213 1223 3264 dau
1238 3205 1285 3260 su·

36 3292 40 3298 ·
120 3275 244 3344 guleria3
261 3275 348 3344 vergl.
363 3273 464 3339 jedoch
481 3291 504 3324 c.
523 3273 565 3330 41.
581 3291 697 3344 mugnus
714 3275 826 3327 navium
842 3293 989 3342 numerus,
1012 3275 1284 3344 quae-supportabant
1322 3315 1323 3322 ,

120 3367 154 3392 —-.
171 3343 214 3394 ad
229 3357 271 3391 eoa
285 3357 372 3404 mum,
390 3357 410 3392 s.
427 3355 450 3391 a.
468 3339 507 3392 G:
518 3339 541 3391 1.
556 3341 582 3393 1.
598 3359 624 3408 p.
641 3343 666 3394 4.
682 3371 716 3381 -
731 3342 825 3394 habere
841 3342 893 3408 unit
904 3345 980 3396 Part
991 3342 1080 3408 Pers,
1096 3359 1118 3396 s.
1135 3360 1158 3395 n.
1178 3343 1211 3396 d.
1226 3334 1284 3394 [lb
1322 3347 1323 3352 ’

120 3433 154 3444 ·-
170 3407 306 3470 valetudo,
324 3423 344 3458 s.
362 3423 384 3457 n.
401 3405 462 3460 v11.
479 3404 522 3456 78.
539 3436 572 3447 -
817 3441 821 3450 «
1012 3440 1013 3443 =
1322 3419 1323 3434 ³

188 3475 252 3541 Gap.
269 3470 311 3524 63.
345 3473 443 3536 vallus,
460 3469 523 3523 hier
534 3472 726 3535 stationibus,
737 3475 843 3526 kommt
855 3475 910 3529 vlt
920 3474 963 3528 ib.
975 3474 1003 3526 in
1013 3474 1105 3528 seiuer
1117 3471 1283 3545 eigentlieben
1322 3435 1323 3514 l

120 3539 284 3607 Bedentuug
299 3555 357 3590 vor.
373 3567 407 3580 -
423 3553 518 3604 naeepa
530 3541 671 3606 proelium,
687 3557 709 3592 r.
727 3557 749 3592 a.
768 3541 800 3594 G.
817 3540 947 3596 1211-
965 3542 1162 3595 Gnesarhatta
1173 3537 1284 3595 dretver·
1322 3569 1323 3574 =

121 3606 314 3671 schanaungen
331 3605 511 3674 anigeldhrt5
538 3605 582 3657 die
600 3607 670 3669 eine,
692 3607 789 3658 weiter
812 3613 897 3660 uuten
919 3609 1027 3660 interior
1041 3609 1149 3660 munitio
1166 3604 1283 3680 genennt,

120 3670 174 3722 liei
188 3687 252 3748 vom
268 3673 379 3724 inneren
396 3670 489 3723 Laude
505 3685 595 3743 gagen
619 3671 674 3724 und
696 3671 741 3725 bis
764 3690 828 3726 uuna
849 3675 961 3738 Maera,
985 3675 1042 3725 und
1064 3690 1123 3727 war
1144 3691 1231 3744 gagen
1251 3665 1283 3719 dit
1322 3723 1323 3730 .

120 3737 305 3804 PompeJnner
321 3735 472 3806 geriehtat,
490 3738 534 3791 die
550 3739 671 3790 uhnehiu
687 3739 814 3808 ringsum
831 3741 918 3793 durch
934 3737 1037 3793 andere
1052 3741 1282 3805 Varmnanauueu
1322 3755 1323 3774 ³

121 3802 247 3855 Caesar's
264 3803 485 3870 eingeschlossen
501 3821 610 3869 waren3
628 3804 672 3857 die
686 3809 799 3872 vonam,
817 3806 914 3860 weiter
927 3811 1012 3859 uaten
1028 3807 1138 3858 eximior
1152 3809 1234 3860 nullm
1245 3813 1284 3870 gs·

120 3873 225 3931 uanum
241 3869 296 3920 liei
311 3868 447 3920 ebenialls
463 3886 527 3922 vom
543 3870 654 3924 inneren
672 3873 764 3926 bande
789 3889 884 3942 gagen,
897 3875 951 3926 und
968 3871 1012 3925 bia
1029 3888 1093 3924 aum
1110 3873 1221 3936 hieme,
1239 3877 1282 3918 Ν

120 3937 189 3988 aher
205 3935 234 3987 in
250 3935 327 3988 ihrer
343 3949 448 4002 genuen
465 3936 558 4006 Lange
575 3955 629 3989 von
645 3939 695 3992 der
719 3945 841 3992 ersteren
857 3938 1135 4004 consonantiarum
1161 3940 1206 3991 die
1221 3933 1281 4008 ddllt

121 4003 528 4066 verschaazung‚sraasversas
544 4005 641 4062 nullus.
666 4004 719 4057 liei
733 4006 813 4074 leings
829 4006 878 4057 des
895 4005 1031 4058 Gestades
1047 4006 1102 4055 und
1119 4003 1236 4058 ver-band
1250 3999 1282 4048 aa
1322 4055 1323 4058 ,

75 4091 78 4097 .
121 4067 284 4136 Endpuuhte
302 4067 350 4116 der
376 4065 444 4142 zuei
468 4067 601 4123 fruiheren
617 4072 811 4124 Verschanzun
834 4089 874 4125 en.
907 4072 960 4123 Die
986 4071 1050 4129 uwel
1072 4071 1196 4124 letateren
1211 4061 1281 4122 Wille
1322 4091 1323 4096 =

121 4149 214 4186 waren
231 4134 259 4186 in
276 4134 325 4184 der
342 4131 458 4182 Absreht
474 4135 654 4204 anfgeluihrt,
679 4155 726 4189 um
743 4136 818 4204 gesic
841 4143 883 4190 ert
900 4153 938 4190 nu.
951 4152 1034 4202 seyn,
1059 4153 1138 4188 wenu
1154 4135 1196 4190 ht
1238 4129 1281 4192 ‘ll'

122 4203 195 4251 etwa
212 4217 265 4252 uon
283 4201 332 4250 der
349 4197 401 4249 See
419 4213 468 4273 pus
486 4200 601 4252 landend
619 4201 817 4272 einendngriff
830 4221 928 4284 magen
944 4207 1035 4256 sollte.
1050 4230 1083 4242 -
1100 4203 1167 4254 Man
1250 4190 1282 4245 dit

70 4277 74 4284 '
121 4265 387 4333 Znhl'aeptemdeea’m
403 4261 573 4340 harialsch3
599 4268 669 4320 doeh
691 4269 759 4320 lailst
776 4269 835 4319 sich
852 4270 943 4322 hieria
959 4270 1039 4323 lueine
1055 4285 1163 4338 genaue
1179 4261 1279 4320 Baalim·

120 4348 207 4402 mung
223 4333 322 4400 geben.
338 4356 372 4368 -
387 4334 518 4396 spatium,
538 4347 559 4380 s.
577 4347 600 4382 a.
617 4334 648 4385 V.
664 4335 706 4387 15.
724 4332 784 4389 vll.
800 4335 843 4390 48.
859 4365 892 4378 -
909 4344 1017 4395 eontra,
1042 4351 1064 4386 ι.
1080 4351 1104 4386 n.
1122 4335 1156 4386 G.
1173 4334 1195 4384 l.
1210 4331 1245 4384 44·
1257 4348 1280 4363 ‘

122 4403 296 4463 transversas,
313 4412 334 4451 s.
351 4410 375 4448 n.
393 4394 431 4450 G.
443 4390 480 4445 lb
495 4391 521 4446 8.
536 4407 570 4434 -’
585 4397 787 4463 incommodum,
813 4417 834 4454 s.
851 4419 875 4456 a.
888 4398 928 4456 b.
944 4402 966 4456 1.
983 4399 1026 4483 13.
1049 4424 1084 4440 --
1102 4399 1178 4454 Stant
1193 4392 1280 4453 asculfi·
