2708 4674
90 165 164 237 4511
205 199 210 208 ·
532 181 578 227 ne
601 179 711 226 nunno
735 177 841 256 curru

90 376 238 442 utrorum
264 368 480 453 occupantur
509 367 612 448 atque
641 358 707 426 iter
734 352 938 446 impeditum
962 352 1152 443 pluresque
1176 352 1218 418 iu
1242 373 1284 419 eo
1331 319 1332 340 ἶ

92 467 169 534 loco
197 465 269 532 sinu
299 462 454 545 vnlnere,
477 479 579 548 quarn
602 458 639 526 iu
662 455 794 547 proelio
822 453 938 522 autin
966 453 1080 544 tuga,
1094 453 1284 535 intereunt,

86 586 206 654 neque
226 563 372 630 multum
399 559 527 644 abfuit,
556 558 637 646 quin
666 557 767 622 etiam
790 553 910 622 castris
936 552 1215 643 expellerentur:
1243 571 1285 617 ac

91 661 242 732 nonnulli
255 661 408 753 protinus
425 658 545 726 eodem
561 677 662 724 cursu
676 657 712 722 ¹in
729 653 894 745 oppidum
911 652 1167 720 contenderunt.
1208 648 1286 716 Sed

91 785 197 853 quum
225 763 292 828 loci
306 768 440 826 nutura
454 766 489 826 et
512 756 654 823 munitio
681 764 867 822 castrorum
893 751 1022 820 aditum
1047 749 1285 841 prohibebat,

90 873 164 930 tum
183 858 276 948 quod
301 853 345 925 nd
365 857 532 948 proelium
554 855 681 948 egressi
706 852 861 922 Curionis
877 851 1003 918 milites
1022 850 1064 918 iis
1093 849 1198 914 rebus
1227 849 1283 914 iu·
1332 867 1333 910 l

90 960 277 1051 digebaut,
311 975 398 1046 qnae
430 955 474 1022 ad
514 952 802 1046 oppugnationem
834 961 1021 1020 castrorum
1064 959 1161 1045 erant
1190 947 1284 1014 usui

88 1060 211 1146 ltaque
227 1055 332 1124 Curio
347 1054 530 1122 exercitum
549 1055 584 1120 in
599 1063 709 1121 castra
722 1049 870 1134 reducit,
884 1051 954 1117 suis
967 1048 1122 1116 ommbns
1138 1057 1284 1138 praeter

87 1157 233 1225 Fabium
252 1154 491 1239 incolumibus,
519 1175 562 1220 ex
585 1175 733 1225 numero¹
751 1150 1019 1218 adversariorum
1044 1148 1183 1214 circiter
1198 1167 1282 1213 sex-

89 1257 195 1325 centis
226 1254 414 1324 interiectis
444 1274 484 1320 ac
514 1251 595 1319 mile
625 1249 831 1319 vulneratis:
862 1249 923 1337 qui
948 1269 1083 1330 ornnes,
1121 1246 1283 1314 discessu

89 1355 262 1440 Cudouis,
278 1354 446 1444 multique
470 1362 662 1441 praeterea,
679 1373 743 1442 per
757 1348 1005 1416 simulationem
1021 1347 1223 1429 vulnerum,
1239 1367 1283 1412 ex

91 1454 210 1524 cestris
236 1455 272 1520 in
294 1453 461 1544 oppidum
488 1451 631 1543 prepter
652 1449 810 1517 timorem
828 1467 902 1516 sese
929 1449 1105 1538 recipiunt
1140 1446 1222 1530 Qun
1244 1467 1284 1510 re

89 1549 239 1622 animum
260 1552 418 1637 adversa,
438 1550 567 1636 Varus,
589 1559 772 1648 asperiore
793 1545 963 1616 exercitus
981 1548 1137 1638 cognito,
1157 1544 1282 1612 bucci-

86 1663 205 1721 nntore
229 1649 263 1718 in
286 1653 405 1720 metris
428 1659 464 1717 et
487 1651 605 1740 paucis
628 1649 672 1715 ud
699 1649 848 1740 speciem
873 1645 1097 1714 tabernuculis
1127 1643 1281 1727 relictis,
1333 1649 1334 1724 ]

87 1751 135 1818 de
155 1751 255 1819 tertia
276 1749 392 1841 vigilia
417 1749 551 1817 silentio
569 1749 753 1816 exercitum
772 1750 806 1814 in
823 1747 989 1837 oppidum
1009 1744 1152 1812 reducit.
1333 1741 1334 1762 ¹

185 1862 245 1931 36.
270 1862 414 1932 Postero
430 1863 486 1931 die
501 1861 605 1932 Curio
624 1862 763 1932 Uticam
784 1861 941 1930 obsidere
962 1872 997 1928 et
1016 1861 1108 1926 vallo
1126 1858 1280 1928 circnm-

88 1963 218 2030 munire
246 1964 401 2030 instituit.
434 1961 518 2031 Erat
548 1963 582 2029 in
614 1963 745 2054 oppido
779 1958 966 2029 multitudo
992 1961 1141 2027 insolens
1171 1958 1279 2040 belli,

86 2061 307 2129 diuturnitate
339 2062 421 2130 otii:
452 2060 634 2130 Uticenses
663 2086 728 2154 pro
759 2060 962 2150 quibusdam
993 2056 1147 2127 Caesaris
1171 2059 1209 2124 in
1242 2079 1279 2124 se

86 2160 256 2228 beneficiis
271 2161 323 2229 illi
339 2161 548 2228 amicissimi:
565 2173 748 2228 conventus
768 2161 817 2245 is,
838 2160 897 2248 qui
918 2183 960 2227 ex
975 2159 1075 2226 variis
1092 2158 1278 2248 generibus

86 2269 273 2328 constaret:
294 2271 405 2328 terror
429 2283 471 2328 ex
494 2261 726 2350 superioribus
748 2259 888 2350 proeliis
908 2281 1062 2349 magnus.
1088 2257 1215 2346 ltaque
1234 2255 1278 2323 de

85 2357 256 2426 deditione
278 2381 394 2426 omnes
417 2359 528 2450 palam
549 2359 775 2448 loquebantur
796 2369 830 2425 et
850 2381 926 2426 cum
939 2358 987 2424 ¹P.
1003 2359 1099 2424 Attio
1113 2355 1279 2448 agebant,

87 2467 131 2523 n‘e
157 2479 217 2526 sua
245 2459 429 2548 pertinacia
453 2460 602 2526 omnium
627 2459 782 2527 fortunas
809 2457 998 2548 perturbari
1026 2457 1139 2524 vellet
1179 2455 1279 2522 Haec
1334 2457 1335 2536 l

86 2577 193 2646 quum
222 2567 422 2648 agerentur,
451 2558 563 2626 nuncii
585 2559 762 2648 praemissi
795 2556 838 2623 nb
870 2577 953 2648 rege
975 2554 1066 2624 Jubn
1092 2566 1278 2638 venerunt,

86 2655 147 2742 qui
166 2655 262 2722 illuni
277 2677 364 2725 cum
388 2659 521 2749 maguis
541 2657 648 2746 copiis
669 2657 788 2724 adesse
814 2657 965 2724 dicerent
991 2665 1026 2724 et
1052 2653 1095 2720 de
1119 2645 1279 2721 c'nstodia
1334 2659 1335 2674 ¹

85 2775 126 2820 ac
149 2751 345 2822 defensione
363 2755 457 2823 urbis
479 2758 714 2824 hortarentur:
745 2779 832 2845 quae
858 2779 911 2824 res
930 2777 1047 2824 eorum
1074 2755 1279 2845 perterritos

87 2853 217 2920 unimus
242 2854 461 2923 continuavit
1163 2851 1178 2892 '⁸

184 2951 243 3021 ct.
267 2953 519 3023 Nunciabnntnr
537 2954 625 3022 haec
650 2954 769 3023 eadem
793 2953 947 3039 Curioni,
972 2952 1034 3020 se'd
1062 2951 1277 3041 aliquamdiu

84 3052 170 3119 iides
190 3053 264 3120 fieri
287 3075 354 3120 non
372 3061 524 3143 poterat:
553 3062 679 3121 tautam
707 3053 857 3141 habebat
880 3073 1017 3121 suarum
1042 3075 1155 3120 rerum
1180 3051 1277 3119 lidu-

83 3155 188 3236 ciam:
207 3150 523 3242 jamqucilnesaris
549 3153 584 3220 iu
601 3151 765 3244 Hispania
791 3173 844 3220 res
870 3150 1038 3221 secundae
1060 3153 1094 3218 in
1118 3146 1277 3218 Africam

83 3251 214 3320 nunciis
234 3275 274 3320 ac
294 3251 416 3320 litteris
436 3252 704 3343 perimebantur.
731 3253 863 3338 Quibus
887 3251 1043 3320 omnibns
1064 3251 1165 3319 rebus
1189 3250 1275 3318 sub-

82 3351 190 3436 latus,
211 3351 296 3418 nihil
315 3361 431 3420 contra
456 3373 493 3420 se
516 3359 634 3444 regem
666 3355 815 3421 nisurum
840 3351 1060 3420 existimabat.
1093 3349 1182 3432 Sed,
1213 3349 1274 3418 nbi

82 3452 186 3518 certis
205 3451 402 3520 'auctoribus
426 3453 611 3546 comperit,
637 3453 749 3523 minus
767 3453 917 3542 quinque
940 3462 975 3521 et
996 3451 1117 3544 viginti
1135 3448 1275 3518 milibus

82 3576 283 3602 ι-ο-ιι--ύ

85 3661 109 3696 n.
127 3644 160 3695 G.
178 3644 197 3694 l.
213 3641 239 3694 8.
254 3671 289 3722 7-
305 3641 527 3715 Wicderhulnug
539 3646 588 3698 der
598 3645 728 3715 Pnuepos.
745 3647 773 3697 in
789 3663 840 3700 vor
852 3649 942 3764 surqur
959 3662 981 3697 ι
997 3661 1021 3696 n.
1039 3637 1074 3696 G.
1088 3643 1111 3698 l.
1127 3641 1170 3696 dd.
1187 3641 1230 3696 31.
1243 3645 1273 3696 11.

83 3709 125 3788 111.
138 3715 327 3788 1--φινοίηηιμ
344 3727 365 3760 u.
382 3711 414 3763 V.
430 3709 473 3762 18.
490 3741 524 3750 -
540 3729 618 3780 quum
633 3740 647 3750 -
663 3721 731 3778 turn,
748 3729 771 3763 a.
788 3729 810 3764 ι.
829 3712 862 3767 G.
879 3713 909 3765 l.
927 3712 952 3766 4.
968 3741 1001 3758 ψ-
1018 3719 1074 3764 tum
1090 3729 1127 3764 sc.
1144 3709 1273 3763 Curionis

84 3775 189 3826 aniliten
207 3775 429 3842 impediebantur
446 3775 489 3830 od.
502 3777 722 3846 prohibebuntur,
748 3776 841 3844 quod.
866 3805 899 3816 -
920 3796 970 3846 per
986 3778 1188 3840 simrdntiouen,
1205 3777 1272 3830 vlu.

82 3841 124 3892 23.
142 3840 184 3892 43.
195 3878 202 3903 ‚
215 3840 313 3918 pergi..
326 3857 349 3916 a.
366 3839 420 3895 vn.
437 3841 462 3894 9.
475 3861 525 3910 per
542 3859 662 3896 cauum.
678 3872 710 3882 -
727 3845 785 3896 Der
802 3845 951 3898 buomirutur
967 3845 1024 3914 gab
1041 3842 1079 3896 im
1096 3841 1205 3912 lauger,
1220 3841 1273 3896 ruit
1292 3884 1296 3889 .

82 3909 130 3984 fler
147 3908 271 3985 buceraq,
289 3907 534 3985 ernnmehmen,
550 3908 760 3980 hornlrirrpigen
776 3909 1044 3977 Blasinrtrnnrente,
1069 3908 1146 3962 heim
1156 3909 1273 3978 minag

77 3975 157 4093 Jocdqr
166 3972 329 4090 lerztgrlrulqm
346 3971 474 4027 Zeucheu.
499 4003 533 4014 -
561 3977 597 4028 ud
612 3978 737 4044 speciata,
761 3975 1028 4032 116151-
1053 3977 1091 4028 de
1108 3983 1183 4040 tert,
1209 3993 1230 4026 ι.
1247 3991 1270 4028 u.

146 4105 216 4172 Gap.
265 4142 271 4156 .
305 4101 430 4167 insoleus,
447 4108 535 4176 vergi.
553 4125 576 4160 u.
594 4106 616 4158 1.
633 4108 676 4160 44.
693 4107 826 4162 intuetur.
842 4136 876 4147 ·-
892 4107 1079 4171 diuturnitate,
1103 4108 1231 4172 Atlantis,
1249 4125 1270 4160 ι.

75 4187 98 4222 n.
119 4173 152 4230 G.
169 4172 198 4224 ll.
216 4170 242 4222 1.
259 4199 294 4212 -
305 4187 372 4236 pro,
389 4187 411 4222 r.
429 4187 452 4222 u.
469 4173 501 4224 V.
518 4173 561 4226 25.
578 4171 665 4225 bb-
677 4183 832 4242 conuentus,
851 4191 872 4226 s.
889 4192 913 4226 n.
931 4193 953 4226 c.
971 4173 1165 4240 Ill—genae,
1181 4175 1270 4246 vergi.

76 4253 99 4288 n.
118 4237 162 4292 lv.
180 4237 272 4290 211-
289 4252 386 4304 cgere,
403 4253 424 4288 s.
441 4254 464 4287 u.
483 4238 515 4290 G.
532 4237 554 4289 1.
571 4237 613 4291 lu.
631 4269 663 4286 -ψ
681 4241 785 4305 adame,
802 4241 890 4310 vergl.
907 4237 925 4292 l.
944 4239 985 4296 14.
1002 4258 1028 4308 p.
1045 4237 1105 4304 315.
1122 4267 1156 4278 ·-

145 4317 211 4385 Cap.
229 4316 281 4370 31.
300 4317 428 4397 ‘unsara
444 4317 473 4368 tu
481 4318 556 4384 Hirp.
573 4337 614 4371 ree
630 4325 774 4385 emendae,
790 4324 880 4392 vcrgl.
896 4339 923 4376 u:
937 4341 959 4375 n.
977 4323 1020 4376 82
1037 4323 1208 4391 inllirpnnia
1224 4339 1269 4376 rcr

79 4391 176 4448 gestau
193 4383 330 4438 Caesaris.
348 4411 380 4422 -
397 4383 538 4446 secundus,
556 4400 576 4437 r.
595 4401 618 4438 u.
634 4385 679 4440 lV.
695 4388 787 4442 21-
803 4389 887 4442 minut
898 4406 936 4442 ue.
948 4405 1047 4460 quem,
1064 4406 1085 4442 ι
1102 4406 1125 4442 ι.
1138 4389 1172 4443 G.
1190 4391 1208 4444 Ι.
1225 4389 1266 4444 15.
