2692 4672
33 197 35 204 .
107 151 182 224 498
362 175 365 184 “
454 148 477 198 Γ
547 169 591 215 na
616 146 724 214 sunno
749 169 851 215 crvmr
943 239 950 244 ᾖ

108 353 181 424 acie
202 349 326 418 eduxit.
356 345 475 436 Neque
495 367 575 420 eum
595 347 704 436 prima
728 347 842 436 opinio
866 343 1001 414 lellellit
1030 346 1118 414 Nam
1137 357 1178 415 et
1207 365 1281 439 per·

108 451 200 519 venit
220 449 333 540 prius,
358 468 459 540 quam
473 444 660 536 Pompejus
676 448 798 513 sentire
817 453 950 536 posset:
972 456 1026 532 et,
1043 447 1181 514 tametsi
1195 458 1283 514 erant

108 548 309 620 munitiones
344 555 529 616 castrormn
560 567 718 635 magnae,
758 555 870 611 tamen
897 545 1032 613 sinistro
1062 568 1193 630 cornu,
1233 545 1283 613 ubi

107 658 181 717 erat
206 648 302 738 ipse,
325 645 480 713 celeriter
499 665 684 735 aggressus
701 643 931 734 Pompejanos
948 639 990 711 'ex
1010 645 1101 712 vallo
1123 643 1283 715 deturba-

66 809 69 820 .
108 748 168 815 vit
191 746 276 814 Erat
290 745 444 834 objectus
458 744 567 834 portis
581 743 711 810 ericius.
736 743 803 812 Hic
815 743 1003 833 paullisper
1020 758 1072 812 est
1086 753 1285 835 paginatam,

109 867 218 936 quum
247 846 433 935 irrumpere
454 845 560 911 nostri
586 853 802 926 conarentur,
826 837 1021 912 ‘illicastra
1049 843 1286 926 defenderent,

111 945 295 1022 fortissime
319 941 362 1010 T.
381 943 552 1027 Pallione,
581 941 680 1032 cujus
706 959 809 1033 opera
837 941 1012 1032 proditum
1039 944 1228 1012 exercitum
1255 939 1285 1009 (l

109 1043 249 1111 ¹Antonii
273 1041 595 1129 demonstravimus,
624 1063 644 1108 e
674 1040 751 1124 locq
781 1052 1026 1132 propugnante.
1078 1041 1149 1110 Sed
1180 1051 1286 1106 tamen

114 1143 221 1210 nostri
251 1142 375 1210 virtute
401 1143 571 1210 vicerunt:
602 1141 782 1230 excisoque
803 1141 922 1225 ericio,
961 1142 1072 1232 primo
1102 1142 1135 1207 in
1166 1139 1286 1230 majora

111 1249 240 1325 castra,
260 1250 348 1331 post·
362 1241 463 1310 etiam
488 1242 522 1308 in
546 1239 743 1325 castellnm,
763 1239 855 1328 qr'od
875 1248 947 1310 erat
965 1242 1131 1327 inclusum
1150 1238 1286 1328 majori·

13 1427 15 1432 s
113 1340 178 1408 bus
197 1339 315 1409 castris
325 1387 341 1422 ‚‚
349 1340 543 1432 irruperunt
559 1349 612 1426 et,
627 1339 720 1427 quod
737 1359 778 1407 eo
790 1339 890 1430 pulsa
909 1337 1001 1432 legio
1015 1351 1090 1408 s'ese
1106 1345 1286 1430 temperat,

114 1438 293 1508 nonnullos
315 1439 362 1506 ibi
386 1447 613 1530 repugnantes
634 1439 882 1507 interfecerunt.
909 1471 914 1486 ι
1241 1461 1243 1466 ·

111 1619 114 1626 1
216 1535 275 1606 68.
300 1535 370 1606 Sed
393 1536 547 1623 fortuna,
571 1559 660 1630 quae
681 1538 866 1628 plurimum
893 1543 1024 1627 potest,
1042 1559 1154 1626 quum
1180 1538 1216 1603 in
1243 1558 1287 1603 re

88 1631 93 1651 ¹
112 1637 219 1726 liquis
234 1635 351 1723 rebus,
365 1645 437 1704 tum
455 1638 637 1727 praecipue
655 1637 689 1703 in
709 1637 817 1725 bello,
834 1636 947 1726 parvis
961 1637 1139 1704 momentis
1155 1655 1288 1727 magnes

116 1757 233 1804 rerum
258 1735 537 1804 commutationes
562 1736 686 1803 efficit:
721 1747 762 1804 ut
789 1747 862 1804 tum
887 1735 1019 1804 accidit.
1051 1737 1288 1816 manitionem,

115 1855 220 1922 quarn
239 1835 407 1922 pertinere
429 1856 449 1900 a
475 1835 595 1902 castris
628 1834 674 1906 ad
694 1835 820 1905 flumen
848 1857 953 1924 supra
978 1835 1288 1918 demonstravimus,

110 1932 226 2000 dextri
251 1930 403 2002 Caesaris
420 1953 524 2001 cornu
543 1933 721 2020 cohortes,
738 1935 924 2026 ignorantia
947 1935 1033 2020 loci,
1052 1945 1132 2004 sunt
1151 1943 1300 2036 secutae„

117 2052 225 2119 quum
245 2041 380 2120 portam
405 2042 585 2120 quererent
608 2043 863 2122 castrorumque
880 2055 953 2102 eam
980 2034 1203 2102 munidonem
1226 2053 1288 2100 esse

22 2197 29 2226 Ν
101 2124 364 2199 arbitrarentur.
396 2132 499 2216 Quod
521 2153 626 2221 quum
655 2143 745 2200 esset
766 2134 1053 2218 animadversum,
1083 2133 1288 2224 conjunctam

115 2249 192 2296 esse
219 2229 370 2315 flumini,
400 2235 549 2321 prorutis
577 2231 631 2300 bis
663 2233 918 2317 munitionibus,
948 2232 1152 2300 defendente
1189 2232 1289 2314 nullo,

118 2328 614 2434 transscenderunt‘omnisque
642 2342 756 2401 noster
780 2334 950 2422 equitatus
969 2352 1025 2401 eas
1055 2332 1220 2402 cobortes
1246 2339 1288 2397 est

117 2436 263 2498 secutus.
718 2463 722 2474 ,

217 2525 276 2594 69.
301 2527 441 2596 Interim
464 2528 669 2620 Pompejus,
694 2530 760 2599 hac
785 2532 865 2611 satis
882 2531 986 2622 longa
1002 2530 1179 2622 interjecta
1201 2551 1289 2612 mora,
1331 2515 1332 2554 l

119 2636 155 2693 et
171 2649 209 2694 re
233 2627 405 2713 nunciata,
424 2628 584 2713 Quintam
612 2630 797 2721 legionem,
822 2631 865 2696 ab
889 2611 991 2721 opere
1008 2625 1289 2716 deductamssun

119 2723 207 2793 sidio
236 2725 306 2793 suis
333 2727 449 2794 duxit:
479 2728 668 2816 eodemque
696 2739 849 2820 tempore
884 2731 1052 2818 equitatus
1079 2728 1156 2820 ejus
1179 2727 1290 2797 nostris

119 2824 290 2918 equitibus
317 2826 611 2917 appropinquabat
644 2836 679 2894 et
713 2830 801 2898 acies
835 2829 997 2898 instructa
1019 2853 1040 2896 a
1071 2829 1215 2914 uostris,
1233 2825 1290 2916 qui

119 2933 229 2992 castrt
250 2935 514 3014 occupaverant,
532 2923 731 2995 cernebatur
744 2928 923 3016 omniaque
942 2938 1021 2996 sunt
1036 2927 1148 2996 subito
1165 2935 1290 2996 mutata

119 3023 329 3114 Pompejana
357 3024 445 3092 euim
476 3025 590 3116 legia,
620 3025 739 3094 celeris
770 3030 831 3118 spe
855 3028 1004 3096 subsidii
1021 3027 1238 3111 confirmata,
1258 3023 1291 3090 alr

120 3121 306 3191 decumana
338 3133 437 3214 porta
462 3126 619 3193 resistere
642 3125 824 3193 conabatur
848 3138 952 3215 atque
983 3127 1074 3196 ultro
1104 3126 1138 3192 in
1168 3136 1290 3194 nosnos

119 3225 287 3319 impetum
312 3221 465 3291 faciebat.
490 3225 672 3312 Equitatus
695 3226 864 3313 Caesaris,
895 3227 988 3315 quod
1008 3236 1155 3318 angusto
1186 3227 1291 3296 itinere

120 3343 185 3411 per
205 3343 351 3414 aggeres
371 3321 589 3408 ascendebat,
612 3326 764 3415 receptui
784 3347 847 3394 suo
871 3326 1012 3411 timens,
1043 3319 1175 3393 initium
1200 3325 1290 3414 fugae.

122 3420 276 3488 faciebat.
301 3421 468 3492 Dextrum
490 3445 593 3491 cornu
605 3475 615 3507 ,
637 3426 727 3511 quod
751 3434 822 3491 erat
845 3448 864 3490 a
888 3425 1022 3492 sinistro
1039 3424 1222 3511 seclusum,
1234 3433 1291 3489 ter-

122 3539 211 3610 rore
224 3521 377 3608 equitum
401 3521 650 3606 animadverso,
676 3547 717 3592 ne
738 3526 825 3590 intra
850 3524 1069 3592 munitionem
1089 3523 1289 3616 opprimere·

122 3639 320 3651 --——-—-

121 3684 196 3741 tara,
214 3693 230 3729 a
246 3678 380 3748 Pompeio
397 3687 478 3734 antea
495 3689 643 3750 occupat-a,
667 3687 730 3750 post
746 3684 864 3736 deserta.
887 3712 920 3720 —
938 3685 1013 3752 prius
1029 3701 1106 3752 quom
1122 3684 1218 3736 sentire
1231 3693 1290 3750 put·

122 3749 190 3807 set,
207 3758 228 3820 s:
246 3759 268 3793 z.
285 3744 321 3797 ll.
338 3747 380 3803 34.
396 3777 429 3785 —
445 3750 549 3800 tametsi
557 3775 570 3786 -
580 3757 680 3812 tamen,
693 3767 713 3800 s.
731 3767 753 3802 e.
772 3750 805 3802 G.
822 3747 845 3800 Ῑ.
860 3747 901 3800 30.
914 3751 946 3803 V.
958 3749 1001 3802 64.
1017 3777 1051 3788 -
1067 3750 1159 3802 ericius
1170 3766 1204 3794 =
1214 3753 1290 3800 narr·

122 3823 264 3886 versaque
281 3811 315 3861 ad
332 3818 424 3878 portas
441 3815 663 3877 trabes‚'aculeis
675 3816 805 3880 confixae,
816 3831 919 3882 eaeque
929 3815 1082 3868 versatiles.
1099 3816 1144 3871 lta
1154 3816 1291 3868 vorabatur

123 3890 140 3926 a
155 3873 294 3926 bestiolae
309 3875 350 3929 ita
367 3878 456 3932 dictae
473 3880 584 3932 aculeis,
601 3909 633 3918 —
647 3883 804 3950 paullisper,
820 3899 842 3932 s.
859 3899 883 3935 a.
894 3881 940 3937 lv.
952 3881 994 3934 14.
1010 3910 1043 3920 -
1058 3883 1190 3950 proditum
1201 3881 1290 3932 danau-

121 3941 277 4002 sarviam
295 3944 367 3995 auclr
383 3943 442 3997 dies
458 3948 552 3998 wurde
568 3945 607 3997 im
624 3947 732 4016 Obigen
749 3947 877 4018 nirgends
895 3945 1019 4010 credhlt3
1037 3965 1058 3998 s.
1075 3965 1099 3999 a.
1116 3964 1138 4002 c.
1155 3947 1180 3999 4.
1213 3943 1290 3998 Uener

122 4005 252 4086 sinpliclre
267 4008 379 4127 Irriequgr
396 4027 416 4127 q.
433 4029 468 4130 ql
473 4031 497 4067 r.
513 4011 555 4066 55.
563 4011 701 4068 ebe-sed
715 4022 818 4077 tumor,
835 4030 856 4064 s.
873 4031 895 4066 u.
915 4015 948 4069 G.
957 4014 1008 4070 111.
1024 4013 1212 4084 Ill-prime,
1226 4008 1290 4062 nient

119 4086 249 4139 primm,
267 4091 288 4124 s.
306 4090 329 4124 z.
373 4114 379 4127 .
412 4116 418 4128 .
471 4107 527 4129 .-

189 4139 211 4190 G
230 4155 255 4206 p.
271 4137 313 4194 68.
347 4151 516 4208 momentum,
541 4163 563 4196 s.
580 4161 603 4198 a.
621 4145 680 4200 VII.
697 4145 738 4202 69.
761 4175 794 4186 -
818 4146 986 4214 marusa,
1008 4147 1097 4214 vergl.
1122 4163 1145 4198 n.
1163 4145 1196 4198 G.
1211 4141 1255 4194 ΠΙ.
1269 4138 1288 4191 9·

121 4153 228 4321 1:331AE
240 4209 380 4326 lllquod
395 4225 489 4276 wrm,
506 4227 527 4260 s.
544 4227 567 4261 a.
584 4211 621 4263 11.
638 4213 679 4266 16.
697 4216 765 4282 quod
780 4213 836 4266 ubi.
861 4242 894 4252 -
916 4213 1033 4282 prorutis
1048 4215 1089 4266 leis
1109 4209 1289 4315 muaapmlu,

188 4297 192 4322 ,
220 4309 226 4321 ,
288 4310 294 4323 ,
347 4302 403 4324 ‚-

147 4389 150 4394 .
188 4336 229 4388 08
249 4375 254 4389 ·
272 4337 314 4392 bl).
347 4341 418 4392 ories
434 4339 561 4390 instructa
583 4357 620 4392 sc.
644 4343 761 4413 legionis
778 4346 971 4416 Pompejanee.
994 4372 1028 4382 -
1052 4346 1194 4396 demanare
1205 4345 1288 4410 porto·

125 4397 158 4450 G.
176 4399 211 4452 ll.
247 4403 273 4458 4.
289 4433 322 4443 —
334 4406 478 4475 proruebat
495 4419 531 4457 se.
548 4406 682 4476 munina,
703 4408 814 4479 Imperi·
833 4413 882 4467 der
898 4407 1121 4482 Beschreibung‚
1138 4427 1160 4462 s.
1170 4426 1199 4488 ¹rr.
1216 4405 1246 4462 (i.
1261 4400 1288 4456 ll
