2708 4674
320 143 326 176 l

426 188 499 274 aa
514 166 577 237 111.
602 163 740 237 amaa
763 207 813 221 -
836 121 931 238 aa.¹
981 259 992 273 ,
1186 173 1261 244 ass

82 365 205 455 quein
217 384 332 434 omnes
351 373 465 456 partes
476 385 578 454 qnam
589 366 915 457 maximeimpedirir
939 369 1013 460 ipse
1027 369 1156 440 idoneis
1175 373 1260 443 locis
1329 433 1330 438 ,

82 464 273 534 funditores
288 465 463 548 insonuit,
474 475 513 535 nt
523 466 690 554 praesidio
702 470 822 549 uostris
834 489 870 535 se
889 469 1125 559 recipientibus
1141 483 1262 541 essent.

82 563 151 632 His
171 563 271 632 rebus
294 563 491 654 completis,
513 563 680 656 legioqem
705 565 818 632 reduci
832 566 945 656 jussit.
969 569 1168 661 Pompejani
1192 573 1263 640 hoc

80 663 404 751 ipsolentiusatque
427 663 585 730 audacius
612 675 744 732 nostros
764 688 917 755 premere
938 677 972 735 et
996 671 1260 761 instare‘coepe-

80 773 172 848 runt,
189 772 366 850 cratesque
382 784 447 852 pro
466 760 647 830 munitione
671 762 821 853 objectas
838 751 1072 856 propulerunt,
1096 777 1135 837 nt
1149 769 1259 837 fossas

79 861 383 932 transscenderent.
409 860 510 944 Quod
528 883 633 949 quum
652 860 940 932 animadvertisset
959 857 1099 952 Caesar,
1111 869 1259 953 ueritus,

79 984 127 1029 rre
144 983 209 1028 non
228 959 358 1028 reducti
373 959 434 1028 sed
455 958 572 1048 rejecti
596 960 805 1047 viderentur,
825 961 1000 1052 majusque
1019 965 1259 1034 detrimentum

80 1070 281 1151 caperetur,
308 1082 328 1126 a
352 1058 463 1127 medio
487 1059 561 1125 fere
585 1060 696 1149 spatio
724 1081 804 1127 suos
836 1082 898 1151 per
923 1063 1123 1150 Antonium,
1144 1068 1203 1155 qui
1227 1067 1259 1134 ei

79 1159 211 1251 legioni
223 1167 393 1248 praeerat,
410 1156 622 1242 cohortatus,
639 1159 720 1226 tuba
734 1160 867 1250 signum
883 1160 955 1228 duri
973 1171 1076 1253 atque
1092 1165 1126 1230 iu
1140 1164 1260 1233 hostes

80 1261 249 1348 impetum
268 1257 341 1324 fieri
357 1255 469 1346 jussit
493 1256 623 1324 Milites
643 1247 786 1350 legionis
809 1257 925 1326 Nonae
948 1261 1060 1330 subito
1079 1265 1261 1356 conspirati

4 1391 6 1452 j
78 1357 155 1449 pila
167 1355 393 1445 conjecerunt
414 1365 465 1438 et,
482 1377 523 1424 ex
536 1355 696 1437 inferiore
717 1358 794 1425 loco
808 1357 969 1427 adversus
987 1361 1112 1430 olivum
1132 1363 1260 1431 incitati

4 1513 5 1518 ,
79 1479 204 1540 cursu,
227 1457 428 1546 praecipites
447 1454 675 1550 Pompejanos
689 1465 834 1548 egerunt
852 1468 887 1524 et
910 1467 1007 1550 terga
1023 1469 1156 1528 vertere
1180 1460 1260 1529 coe-

4 1603 6 1630 2
82 1564 231 1649 gerunt:
262 1554 385 1642 quibas
409 1555 452 1622 ad
484 1554 713 1644 recipiendum
734 1565 842 1624 crates
870 1555 1015 1626 directae
1045 1557 1267 1650 longuriique

80 1633 209 1745 objecti
221 1661 261 1720 'et
271 1653 444 1734 institutae
456 1653 569 1722 fossae
581 1675 704 1746 magno
721 1655 964 1747 impedimento
974 1656 1120 1725 inerunt
1145 1659 1261 1726 Nostri

4 1789 6 1826 t
75 1773 183 1838 vero,
206 1754 265 1841 qui
284 1753 364 1821 satis
379 1751 549 1820 habebant
567 1753 638 1820 siae
662 1753 865 1822 detrimento
886 1753 1080 1841 discedere,
1102 1758 1261 1848 complu-

4 1905 5 1928 ,
80 1853 177 1922 ribus
195 1851 398 1937 interiectis,
414 1853 562 1941 quinque
578 1853 713 1920 omuino
731 1874 869 1920 suorum
885 1855 1033 1939 amissis,
1053 1856 1261 1944 quietissime

4 1988 5 2024 1
82 1975 122 2020 se
144 1960 362 2041 receperunt,
384 1951 569 2041 paulloque
587 1951 670 2030 citra
689 1973 766 2019 eum
784 1953 897 2022 locum
914 1955 1145 2040 morati„aliis
1165 1978 1260 2026 com-

80 2052 261 2144 prehensis
280 2048 441 2136 collibns,
466 2050 667 2118 munitiones
689 2051 915 2141 perfecerunt.
971 2087 974 2098 ·

4 2217 5 2222 ,
181 2148 239 2218 4Ί.
265 2149 348 2217 Erat
380 2171 465 2218 nova
494 2159 528 2217 et
558 2150 715 2217 inusitata
746 2150 828 2217 belli
861 2152 964 2239 ratio,
999 2176 1105 2241 quum
1131 2163 1183 2229 tot
1204 2176 1261 2222 ca-

3 2289 4 2324 ;
79 2249 260 2320 etellorum
290 2271 430 2317 numero
461 2257 627 2337 tantoque
651 2249 759 2339 spatio
783 2258 818 2316 et
844 2250 945 2318 tantis
968 2251 1206 2324 munitionibus
1227 2263 1286 2324 et.

3 2391 4 2396 κ
79 2359 157 2418 toto
178 2347 359 2417 obsidionis
383 2369 525 2440 genere,
547 2356 621 2415 tum
645 2348 745 2414 etiarn
770 2347 909 2437 reliquls
928 2349 1037 2419 rebus.
1062 2350 1166 2436 Nam,
1184 2351 1262 2439 qui-

82 2471 232 2537 cumque
256 2449 399 2516 alterum
428 2446 581 2516 obsidere
609 2446 720 2514 eonati
746 2456 844 2532 sunt,
866 2449 1044 2539 perculsos
1080 2458 1183 2538 atque
1208 2451 1268 2516 in-›

3 2601 4 2626 ,
80 2550 200 2637 firmos
218 2548 336 2615 hostes
359 2547 485 2633 adorti,
509 2555 568 2613 ant
591 2547 723 2636 proelio
742 2559 920 2637 superatos
939 2539 998 2615 ant
1015 2548 1128 2638 aliqua
1151 2547 1262 2638 olien-
1294 2631 1295 2634 Ἴ

80 2648 176 2717 sione
210 2657 383 2738 permotos
412 2646 668 2732 continuerunt,
704 2667 810 2736 qnam
844 2647 911 2738 ipsi
946 2669 1086 2716 numero
1115 2648 1263 2716 militum

80 2747 304 2837 equitumque
325 2754 548 2836 praestarent:
574 2729 692 2814 caussa
712 2754 825 2816 autem
860 2745 1045 2816 obsidionis
1077 2747 1163 2816 haec
1188 2746 1262 2816 iere

3 2893 5 2902 a
80 2869 158 2916 esse
176 2847 367 2931 cousuevit,
392 2856 432 2914 ut
458 2845 630 2914 frumento
650 2844 768 2914 hostes
793 2845 1046 2938 prohibeantur.
1076 2847 1125 2914 At
1146 2854 1263 2915 contra

80 2948 235 3040 integras
270 2955 372 3035 atque
404 2945 588 3030 incolumes
624 2946 739 3036 copias
768 2943 892 3016 Caesar
922 2946 1087 3014 ‘inferiore
1116 2947 1263 3013 militum

81 3067 224 3128 numero
253 3043 466 3131 continebat,
493 3065 599 3134 quarn
629 3045 680 3111 illi
709 3045 859 3113 omnium
877 3051 997 3115 'rerum
1032 3045 1130 3136 copia
1156 3045 1286 3112 abun.

80 3147 221 3215 darent:
243 3145 398 3234 quotidie¹
413 3143 501 3213 enim
521 3165 663 3236 maguus
684 3144 833 3234 undique
851 3145 984 3214 numum
1002 3163 1161 3214 numerus
1182 3165 1265 3212 con-

81 3244 259 3330 veniebat,
285 3267 371 3333 qnae
391 3253 615 3312 commeatum
642 3253 902 3336 supportarent,
929 3267 1048 3334 neque,
1063 3243 1155 3312 ullus
1181 3243 1264 3326 flare

82 3354 205 3413 ventus
226 3353 383 3434 poterat,
402 3343 483 3432 quin
502 3343 615 3432 aliqua
644 3367 686 3411 ex
703 3354 803 3434 ¹parte
823 3344 1008 3412 secundnm
1035 3365 1172 3412 cursum
1199 3342 1264 3410 ha-

81 3446 212 3514 berent.
243 3443 324 3535 Ipse
342 3452 474 3528 autem,
499 3441 680 3512 consumtis
703 3441 859 3511 omnibus
887 3443 991 3535 longe
1023 3443 1160 3533 lateque
1187 3442 1298 3511 fra-1

81 3545 224 3630 ruentis,
248 3543 388 3612 summis
411 3543 539 3612 eratin
566 3543 750 3636 angustiis:
778 3542 840 3611 sed
860 3551 973 3611 tamen
994 3542 1080 3612 haec
1099 3542 1264 3636 singulari

81 3739 159 3791 tectis
175 3755 211 3790 ac.
227 3732 357 3789 cratibus.
373 3737 566 3801 -etaorere,
582 3754 604 3789 s.
621 3753 645 3790 n.
662 3737 695 3789 G.
707 3733 744 3789 11.
760 3736 785 3790 8.
800 3763 834 3776 -
849 3736 987 3799 mersere,
1005 3737 1092 3806 vergl.
1108 3753 1132 3789 ι.
1149 3734 1182 3788 G.
1191 3735 1213 3787 1.
1222 3735 1265 3788 20,

80 3835 116 3845 -
133 3805 312 3870 legimremsc.
330 3803 489 3855 Norant-
512 3821 533 3854 a
552 3803 634 3855 medio
661 3806 735 3868 serre
751 3802 854 3872 spatio,
879 3801 1034 3873 ohngesr‘rhr
1048 3803 1165 3854 oooder
1181 3803 1264 3856 Mitte

81 3872 132 3923 dee
148 3870 400 3924 Zwischenranmes
417 3887 478 3931 aas,
503 3865 658 3939 ohngelr‘tlrr
674 3868 725 3920 uui
739 3869 788 3921 der
804 3869 902 3922 Httne
918 3871 968 3923 der
983 3871 1095 3938 Weges.
1111 3897 1145 3907 -
1161 3869 1263 3930 censpi-

80 3944 157 3989 rutns
174 3937 214 4003 (v.
231 3935 320 4004 spira)
336 3951 377 3986 ·.:
394 3936 563 4003 constipatus
580 3939 782 3996 s.·cqarctatun.
807 3963 839 3974 ·—
862 3937 899 3988 ad
914 3937 1101 4004 rapiendum,
1125 3952 1145 3985 s.
1163 3950 1186 3985 n.
1203 3934 1265 3984 vll.

80 4003 124 4056 bb.
140 4032 175 4042 -
191 4010 275 4054 crates
292 4001 459 4067 directae,
476 4002 520 4055 die
537 3999 701 4064 Gcflechte‚
725 4001 832 4054 welche
846 4003 921 4067 jetut
936 4004 981 4054 der
998 3999 1267 4070 hermeneumata.

81 4069 135 4122 deu
150 4069 225 4138 Weg
241 4069 337 4136 legea3
354 4069 424 4132 tiber
440 4071 558 4120 directus
575 4085 596 4120 n.
614 4083 636 4122 z.
653 4066 700 4124 lv.
716 4067 758 4121 li.
775 4095 809 4108 -
824 4069 893 4120 tutio
904 4069 1012 4128 hubae.
1029 4086 1050 4120 s.
1063 4085 1086 4119 a.
1099 4067 1130 4118 G,
1145 4065 1167 4117 Ι.
1180 4063 1265 4118 lh·-

148 4136 214 4203 Gap.
230 4133 272 4202 tt,
304 4151 432 4199 numero-
472 4136 527 4188 ctio
551 4150 577 4185 u.
594 4150 615 4184 s
632 4151 684 4197 uu,
704 4133 834 4198 Ablntir,
859 4135 913 4186 wie
941 4135 1055 4186 omnibus
1071 4133 1145 4182 rebem
1162 4131 1196 4182 G.
1213 4130 1264 4182 111.

80 4200 126 4255 lt.
142 4231 175 4240 —
195 4201 350 4269 percellere,
374 4217 395 4251 ι.
412 4217 436 4252 n.
467 4201 488 4252 1.
505 4200 547 4252 12.
571 4228 604 4238 —
622 4206 770 4266 permotus,
794 4217 816 4252 a.
831 4201 906 4259 2..OE
922 4199 958 4252 11.
975 4200 1017 4252 12.
1038 4227 1072 4238 -
1094 4213 1186 4264 qnam,
1203 4215 1225 4251 s.
1242 4213 1266 4247 u.

81 4265 599 4330 G.n1.1t.1v.12.2t.-fere‚e
617 4283 641 4318 a.
657 4267 719 4319 vl.
735 4265 828 4320 ribi-
844 4267 979 4330 consuevi,
1004 4282 1025 4316 n.
1042 4282 1066 4340 u.
1083 4265 1117 4317 G.
1133 4263 1156 4314 1.
1172 4263 1215 4316 14.
1232 4289 1265 4300 -

80 4335 256 4458 tnta·
276 4331 1118 4468 ff⁵itbb⁶'·¹¹¹i¹1⁸'vva'*militib*

137 4437 144 4452 ο
186 4437 193 4452 e
245 4438 252 4451 ο
467 4437 477 4463 ,
516 4437 523 4450 0
568 4435 583 4453 ,ι
631 4437 640 4451 0
691 4435 698 4452 ι
721 4429 754 4440 ¹·-
873 4436 882 4465 ,
1076 4431 1083 4448 a
1135 4433 1142 4448 e
1163 4423 1197 4435 ’-
