2692 4672
426 175 491 224 um
514 152 577 224 111
602 175 674 222 ors.
694 151 748 222 00
771 191 821 205 -
846 151 928 222 101.
1099 130 1104 136 ’
1141 103 1253 253 Ι012

75 351 155 422 rios'
169 347 321 421 instituit
358 349 428 420 Sed
456 351 615 439 Laelius,
641 360 795 442 tempore
810 350 898 420 -auui
922 352 1150 444 commodiore
1170 371 1252 425 usus

72 451 120 518 ad
150 449 394 543 navigandum,
430 451 588 519 onerariis
624 451 761 520 navibus
790 450 939 540 Corcyra
968 451 1259 542 Dyrrhachioque

71 569 196 638 aquarn
230 551 299 617 ruis
332 551 551 640 supportabat
563 586 576 638 ,·
605 571 715 638 neque
744 573 765 617 a
793 551 969 641 proposito
1000 546 1251 636 deterrebatur,

70 661 185 736 raeque
217 657 293 715 ante
326 649 493 744 proelium
517 651 551 715 in
581 648 761 716 Thessalia
796 649 924 718 factum
957 651 1157 740 cognitum,
1195 660 1254 718 aut

71 745 255 837 ignominia
268 747 464 814 amissarum
480 749 613 814 navium
640 757 700 813 aut
723 749 980 816 necessariarum
994 771 1116 816 merum
1132 749 1254 838 inopia,

72 866 117 913 ex
136 853 238 934 portu
257 843 433 932 insulaque
450 847 576 936 expelli
588 847 714 936 potuit.

174 956 260 1028 101.
284 957 411 1025 Iisdem
427 958 500 1026 fere
515 956 724 1050 temporibus
732 959 868 1029 Cassius
880 982 959 1028 cum
973 963 1080 1032 classe
1088 961 1254 1052 Syrorum

72 1064 110 1124 et
133 1055 344 1124 Phoenicum
364 1067 399 1124 et
425 1057 571 1126 Cilicum
590 1060 623 1126 in
645 1058 793 1127 Siciliam
813 1059 914 1127 venit
948 1059 1012 1146 Et,
1045 1080 1150 1150 quum
1170 1069 1257 1130 esset

71 1153 369 1224 Caesarisclarsis
390 1155 495 1224 divisa
512 1158 545 1223 in
564 1156 650 1225 duas
669 1168 800 1249 partes,
820 1167 854 1225 et
874 1157 1031 1226 dimidiae
1047 1161 1136 1248 pa'rti
1154 1181 1256 1250 prae·

71 1264 165 1322 esset
196 1255 235 1322 P.
263 1252 434 1345 Sulpicius
458 1256 599 1324 Praeter
621 1256 753 1325 Vibdne
780 1256 824 1324 ad
847 1257 991 1340 fretum,
1023 1256 1179 1325 dimidiae
1201 1259 1254 1326 Μ.

57 1351 284 1442 Pomponius
301 1353 346 1419 ad
360 1354 571 1422 Messanam:
596 1357 690 1445 prius
716 1354 851 1424 Cassius
873 1355 916 1422 ad
938 1354 1131 1437 Massiuam
1162 1358 1258 1424 navi-

71 1451 140 1520 bus
158 1451 348 1550 advolavit,
366 1475 468 1541 quam
484 1449 692 1545 Pomponius
706 1455 750 1522 de
767 1453 840 1545 ejus
857 1455 1003 1522 advehtu
1021 1463 1260 1544 cognosceret}

70 1550 378 1644 perturbatumque
396 1573 475 1619 eum
491 1564 624 1637 nactus,
640 1553 744 1627 nullis
759 1553 938 1638 custodiis,
955 1575 1065 1640 neque
1084 1551 1259 1620 ordinibus

69 1651 195 1735 certis,
230 1661 354 1741 magno
382 1660 483 1719 vento
507 1660 541 1719 et
570 1653 727 1738 secundo·
740 1651 929 1742 completas
963 1652 1129 1718 onerarias
1158 1671 1260 1718 naues

70 1747 178 1816 taeda
198 1758 232 1816 et
259 1751 336 1840 pice
364 1759 398 1817 et
421 1759 524 1842 stupa
547 1751 753 1840 reliquisque
786 1751 909 1836 rebus,
928 1771 1015 1838 quae
1036 1757 1114 1817 runt
1139 1749 1184 1816 ad

72 1847 214 1933 cendia,
239 1849 273 1914 in
293 1848 557 1939 Pomponianam
578 1851 720 1919 classem
739 1850 878 1918 immisit
895 1857 997 1937 atque
1019 1869 1135 1916 omnes
1157 1771 1261 1923 aa&

72 1947 224 2016 incendit
244 1949 392 2037 quinque
407 1957 441 2015 et
458 1950 613 2040 triginta:
627 1973 647 2018 e
664 1950 786 2039 quibus
804 1958 898 2020 erant
916 1948 1038 2039 viginti
1053 1956 1259 2018 constratae:

73 2054 259 2134 tantusque
292 2069 332 2114 eo
371 2047 463 2116 facto
494 2051 596 2116 timor
623 2050 779 2134 incessit,
812 2058 867 2132 ut,
901 2069 1007 2135 quum
1043 2054 1133 2114 esset
1165 2046 1259 2139 legio

73 2145 247 2236 praesidio
266 2146 464 2232 Messanae,
489 2149 547 2215 vix
571 2149 737 2238 oppidum
762 2146 1018 2213 defenderetur:
1044 2154 1098 2229 et,
1127 2144 1192 2211 nisi
1218 2167 1261 2212 eo

71 2245 151 2336 ipso
168 2253 321 2335 tempore
336 2245 472 2333 quidam
489 2247 599 2312 nuncii
617 2247 661 2313 de
675 2244 827 2316 Caesaris
844 2244 984 2311 victoria
1001 2263 1065 2332 per
1078 2241 1262 2332 dispositos

73 2343 208 2432 equites
233 2355 345 2411 essent
364 2343 477 2428 allati,
502 2332 733 2412 eristirnabant
763 2343 937 2434 plerique,
962 2340 1117 2408 futurum
1135 2340 1260 2425 fuisse,

72 2453 115 2511 nt
137 2443 354 2510 amitteretur.
387 2442 455 2510 Sed
480 2444 765 2534 opportunissime
792 2441 919 2508 nunciis
940 2439 1074 2524 allatis,
1094 2434 1261 2533 oppidum

72 2541 142 2610 fuit
162 2541 357 2626 defensum,
379 2537 582 2631 Cassiusque
599 2542 642 2608 ad
662 2535 890 2632 'Sulpicianam
914 2539 993 2606 inde
1014 2538 1157 2606 classem
1176 2558 1261 2627 pro-

73 2641 190 2710 fectus
207 2651 262 2710 est
278 2640 464 2726 Vibduem,
489 2641 737 2732 applicatisque
759 2639 948 2708 nostrised
965 2648 1090 2706 terram
1121 2636 1262 2705 navibus

73 2748 219 2831 propter
242 2739 398 2807 eumdem
417 2741 576 2808 timorem
595 2743 668 2831 pari
695 2748 797 2828 atque
820 2746 917 2805 antea
935 2737 1063 2804 ratione
1078 2737 1166 2826 egit.
1185 2735 1264 2802 ·Se-

76 2839 228 2925 cundum
248 2849 366 2908 nactus
387 2849 524 2907 ventum
548 2841 714 2907 onerarias
732 2859 834 2906 naves
856 2838 989 2906 circiter
1019 2833 1263 2926 quadraginta,

72 2947 293 3030 praeparatas
324 2939 368 3006 ad
397 2938 604 3024 incendium,
635 2939 773 3006 immisit
805 2945 858 3022 et,
884 2937 1019 3003 {lamma
1047 2932 1090 3000 ab
1118 2941 1265 3020 utroque

75 3047 181 3107 cornu
197 3037 459 3128 comprehensa,
472 3059 574 3106 naves
588 3048 667 3105 sunt
683 3037 877 3108 combustae
892 3031 1263 3123 quinque.1Qunrn,qne

74 3137 166 3229 ignis
190 3135 429 3228 mgnitudine'
439 3137 529 3215 venti
554 3137 655 3204 latius
675 3144 844 3227 serperet,
864 3134 1006 3217 milites,
1033 3131 1092 3219 qui
1106 3139 1265 3196 curete-

75 3236 171 3304 ribur
200 3235 392 3328 legionibus
427 3245 521 3303 eraut
542 3236 650 3330 relicti
673 3235 843 3327 praesidio
866 3231 1025 3316 navibus,
1058 3251 1100 3296 ex
1123 3250 1264 3306 numero

75 3333 276 3427 aegrorum,
306 3334 523 3431 ignominiam
556 3357 621 3402 non
652 3335 820 3415 tulerunt3
848 3332 908 3399 sed
932 3353 992 3400 sua
1017 3334 1140 3419 sponte,
1162 3349 1264 3396 naves

77 3433 345 3502 conscenderunt
365 3443 400 3501 'et
419 3455 439 3498 a
461 3442 551 3501 terra
571 3433 763 3518 solverunt,
790 3433 989 3521 impetuque
1014 3428 1107 3494 facto
1125 3426 1158 3492 in
1177 3425 1261 3497 Cas·

76 3534 203 3600 sianam
232 3531 373 3615 classem
400 3527 659 3621 quinqueremes
685 3533 787 3617 duas,
822 3532 856 3602 in
888 3549 1030 3617 quarum
1051 3526 1158 3593 altera
1188 3533 1262 3592 erat
1314 3543 1339 3598 ,·

78 3620 233 3716 Cassius,
252 3642 434 3722 ceperunt:
456 3632 517 3700 sed
530 3631 665 3700 Cassius
681 3619 841 3722 er'rceptus
859 3627 987 3718 scapha
1001 3625 1139 3744 refugit.
1156 3624 1263 3699 Brae-

77 3824 124 3879 uia
140 3841 175 3878 un
193 3823 268 3876 einer
283 3825 378 3876 Flotta
395 3823 568 3896 Gehirrigenr
592 3823 710 3884 classici,
731 3829 829 3874 aautne
845 3821 912 3872 oder
928 3818 1042 3876 cautim,
1066 3815 1265 3880 Sohitlrlent03
1297 3835 1300 3846 ·

77 3891 143 3943 socii
158 3892 281 3952 aarum,
307 3889 352 3942 dia
374 3891 516 3944 Matr-oren
539 3892 582 3944 uls
599 3888 794 3956 Corporation3
815 3887 902 3956 rargl.
926 3903 948 3936 z.
967 3885 999 3938 G.
1016 3881 1066 3934 111.
1083 3883 1108 3936 0.
1130 3911 1164 3921 —-
1179 3895 1263 3948 neque

77 3963 216 4024 out-aut,
231 3955 320 4025 vergi.
336 3971 360 4007 u.
376 3955 468 4009 61.-

145 4039 212 4107 Gap.
229 4038 288 4090 101.
322 4039 441 4098 Cassius,
458 4056 481 4089 c.
497 4039 522 4092 5.
545 4067 578 4076 —
598 4040 714 4102 fretum,
737 4053 758 4087 s,
776 4053 799 4088 u.
822 4037 844 4088 1.
865 4035 907 4088 20.
929 4061 963 4074 κ-
982 4033 1174 4109 primumcum
1196 4041 1263 4106 cog·

77 4113 208 4166 meamet,
225 4101 405 4166 Coniunctis,
423 4103 522 4155 e.r.1.
539 4103 580 4156 22.
597 4103 640 4156 29.
655 4131 689 4142 -
705 4103 782 4153 nullis
799 4102 920 4154 erratodir’s
935 4115 1016 4166 aeque
1029 4096 1159 4149 ordinabas
1175 4100 1264 4155 certas,

77 4187 101 4223 ι.
119 4187 143 4223 ι.
160 4171 193 4222 G.
211 4170 247 4222 Il.
265 4170 306 4222 11.
322 4187 348 4236 p.
364 4169 407 4222 00.
440 4168 532 4221 Uaber
548 4171 632 4221 nullm
648 4168 699 4220 in's
715 4167 866 4220 besondere
883 4168 952 4218 oben
964 4181 987 4216 a.
1004 4163 1040 4215 ll.
1057 4161 1082 4213 2.
1098 4187 1131 4198 -
1148 4171 1265 4208 recud-

76 4237 140 4288 due
155 4243 260 4297 oratus,
277 4252 298 4287 s.
315 4251 338 4287 a.
355 4235 401 4288 IV.
421 4233 463 4287 23.
487 4261 520 4273 —·
543 4249 597 4288 essa
613 4235 650 4287 ad
665 4235 785 4304 incendia
802 4251 838 4286 sc.
856 4231 1007 4293 excitanda,
1034 4243 1088 4278 wre
1104 4223 1264 4302 manehrnal

49 4347 52 4354 .
77 4302 115 4355 ad
132 4317 209 4370 spem
226 4305 295 4355 statt
311 4301 347 4354 ad
363 4315 440 4368 rpem
457 4299 626 4354 excitandam.
647 4329 680 4341 ·-
705 4307 870 4364 amantea,
887 4316 908 4350 s.
926 4313 950 4348 a.
967 4296 988 4345 l.
1005 4293 1047 4346 56.
1072 4317 1107 4330 -
1129 4297 1206 4340 tamor
1222 4305 1265 4339 ιι-

77 4365 663 4437 eeuir‚arrorut‚r.a.11.tt.-qaam
687 4373 768 4431 eret,
795 4383 816 4420 r.
833 4382 856 4420 r.
874 4364 908 4419 G.
923 4363 946 4417 1.
962 4359 1005 4414 20·
1020 4384 1053 4396 -
1066 4361 1176 4425 militi
1193 4369 1265 4410 000·
