2708 4674
48 241 51 245 ,
79 156 154 231 404
277 183 281 194 ’
533 181 578 227 nu
602 180 712 256 usuro
737 179 840 229 curun
865 197 867 204 >
973 147 984 166 ⁸

177 357 234 428 6⁰.
259 360 398 426 Interim
413 344 592 432 'oscenses
612 366 647 424 et
672 349 939 450 calagurritani,
968 358 1027 446 qui
1056 365 1150 425 eraut
1177 373 1275 427 ctum
1340 369 1341 378 ’

79 458 285 529 Oscensibus
304 456 504 543 contributi,
529 457 670 549 *mittunt
692 457 737 523 ad
768 479 845 525 eum
870 457 1008 548 legulos¹
1025 477 1168 549 seseque
1188 458 1275 524 im·

77 567 195 650 perata
216 558 364 643 facturus
386 557 599 647 pollicentur.
623 556 697 623 Hos
720 551 988 631 Tarraconenses
1008 566 1042 622 et
1055 556 1208 648 laeetani
1233 565 1276 622 et

48 713 51 732 .
76 659 239 727 Ausetani
263 667 296 723 et
321 657 436 746 paucis
467 663 547 745 post
568 654 687 723 diebus
707 655 1020 746 Illurgavonenses,
1051 655 1110 742 qui
1131 655 1276 723 flumen
1335 708 1336 723 .

77 753 215 824 Iberum
234 757 422 847 pttiuguut,
446 755 676 841 insequuntur.
700 753 792 820 Petit
815 754 858 820 ab
881 755 948 824 his*
962 751 1135 838 omnibus,
1159 763 1200 822 ut
1225 775 1273 820 se

77 855 249 925 frumento
262 854 403 944 juvent:
428 852 632 945 pollicentur
651 860 753 942 atque
773 854 926 929 omuibus
942 852 1093 940 undique
1112 853 1272 944 conqui-

76 956 150 1021 sitis
164 953 328 1043 jumentis
348 953 382 1020 io
399 962 508 1027 castra
523 951 715 1042 lleportant.
743 951 880 1020 Transit
893 946 994 1019 etiam
1011 951 1133 1020 cohors
1149 950 1270 1020 Illur-

76 1053 276 1144 gavonensis
304 1053 348 1118 ad
381 1075 478 1135 cum,
506 1053 643 1143 cognito
672 1051 814 1118 civitatis
841 1051 1007 1144 consilio,
1020 1059 1055 1118 et
1083 1050 1186 1142 sigua
1217 1074 1269 1120 ex

12 1147 16 1153 ’
75 1151 218 1219 statione
245 1150 412 1221 transfert
430 1150 574 1242 ¹Magna
594 1149 749 1233 celeriter
769 1151 986 1234 commutatio
1014 1157 1155 1216 reruml·
1169 1149 1266 1216 Peae-
1338 1143 1339 1156 .

73 1251 167 1317 fecto
176 1261 294 1341 ponte,
312 1250 441 1342 magnis
457 1239 605 1338 quinque
620 1249 809 1317 civitatibus
824 1247 869 1317 ad
884 1248 1061 1330 amicitiam
1077 1248 1268 1335 adiunctis,

76 1349 233 1439 expedita
249 1371 287 1415 re
306 1347 540 1430 frumentaria,
557 1348 729 1424 exstinctis
744 1347 936 1415 rumoribus
953 1347 996 1414 de
1016 1347 1147 1416 auxiliis
1164 1349 1265 1440 legi-

74 1469 187 1532 onum,
208 1471 294 1537 quae
306 1469 383 1516 curn
392 1447 559 1537 Pompejn
571 1469 633 1538 per
645 1445 881 1516 Mauritaniam
893 1447 1006 1514 venire
1023 1437 1264 1534 dicebautuur,

72 1548 199 1614 multae
215 1541 467 1639 longinquiores
485 1543 694 1615 civitatesab
711 1545 850 1616 Afranio
870 1531 1061 1616 desciscunt
1076 1545 1261 1630 etcaesa-

72 1648 122 1715 ris
142 1645 321 1713 amicitiam
345 1652 539 1734 sequuntur.
1220 1695 1221 1698 ,

174 1741 231 1812 61.
278 1744 409 1828 Quibus
448 1744 550 1813 rebus
591 1733 780 1833 perterritis
806 1745 933 1815 animis
968 1743 1260 1834 aduersariorum,

71 1843 213 1928 ¹Cacsar,
229 1866 271 1910 ue
289 1866 423 1934 semper
439 1864 562 1934 magno
575 1842 717 1910 circuitu
736 1866 800 1934 per
814 1855 953 1934 pontem
971 1843 1140 1932 equitatus
1160 1854 1258 1913 esset

71 1935 277 2028 mittendus,
305 1954 423 2010 nactus
443 1941 601 2020 idoneum
622 1941 754 2026 locum,
774 1942 882 2010 fossas
909 1943 1037 2034 pedum
1057 1937 1200 2034 triginta
1221 1947 1257 2012 in

68 2040 280 2114 latitudinem
301 2041 621 2132 compluresl'acere
641 2042 801 2126 instituit,
818 2041 940 2130 quibus
956 2035 1089 2132 partem
1101 2043 1257 2130 aliquam

69 2139 195 2208 Sicoris
214 2131 381 2238 averteret
400 2139 592 2230 vadumque
609 2133 651 2228 ifl'
664 2163 704 2208 eo
720 2136 857 2210 flumine
874 2141 1033 2212 efficeret
1059 2138 1123 2208 His
1142 2147 1256 2232 poene

69 2239 217 2324 effectis,
234 2263 395 2330 magnum
412 2239 444 2306 in
461 2239 617 2319 timorem
632 2239 789 2320 Afranius
801 2239 1026 2334 PetreJusque
1038 2243 1256 2330 perveniunt,

67 2362 111 2405 ne
131 2341 264 2407 omnino
290 2339 461 2415 frumento
480 2332 674 2430 pabuloque
694 2337 1013 2425 intercluderentur,
1041 2339 1135 2427 quod
1157 2342 1255 2408 mul-

67 2449 140 2504 tum
166 2437 288 2506 Caesar
307 2440 459 2527 equitatu
482 2439 630 2522 valelfft.
648 2439 769 2528 Itaque
787 2440 994 2517 constituunt
1018 2439 1085 2528 ipsi
1100 2439 1141 2506 iis
1159 2439 1253 2534 locis

67 2537 235 2610 excedere
254 2546 289 2604 et
311 2538 345 2604 in
372 2537 588 2616 Celtiberiam
604 2539 742 2620 ¹bellum
761 2538 957 2626 transferre.
992 2537 1082 2604 Huic
1107 2535 1260 2608 consilto

67 2636 316 2732 suffragabatur
335 2637 436 2704 etiam
457 2637 519 2722 illa
538 2657 609 2721 ree,
631 2636 724 2727 quod
738 2661 779 2705 ex
798 2636 1123 2732 duobuscontrariis
1140 2661 1254 2728 geue-

57 2737 178 2824 vribus,
192 2760 278 2826 quae
293 2736 467 2826 superiore
486 2735 577 2802 bello
595 2757 672 2812 cum
691 2735 730 2802 L.
739 2734 888 2805 Sertorio
905 2745 1065 2804 steterant
1081 2735 1252 2825 civitates,
1294 2743 1297 2748 ’

64 2837 174 2904 victae
206 2856 327 2902 nomeu
357 2841 460 2921 atque
492 2833 672 2922 imperium
702 2835 858 2903 absentis.
875 2835 1054 2927 timebant3
1087 2853 1173 2923 quae
1207 2838 1249 2906 iu

64 2934 210 3002 amicitia
231 2941 435 3014 manserant,
454 2930 613 3020 Pompeji
630 2933 761 3022 maguis
785 2933 927 3000 affectae
951 2935 1139 3024 beneficiis,
1165 2957 1249 3006 eum

63 3033 268 3123 diligebant:
295 3027 445 3098 Caesaris
463 3031 576 3098 autem
602 3029 803 3111 inbarbaris
825 3043 896 3100 erat
916 3055 1037 3102 nomeu
1060 3032 1248 3106 obscurius.

63 3153 196 3256 *Eup
214 3189 230 3240 li
249 3227 255 3240 .
264 3188 436 3318 *epitritam
453 3187 550 3241 civitas
568 3189 703 3242 cumulis
721 3187 892 3244 civitate:
909 3189 934 3244 ei
952 3191 1102 3260 attriuqtu,
1115 3149 1197 3245 'cum'
1209 3211 1246 3248 et

218 3293 226 3319 2

62 3255 209 3319 conjunctu
243 3272 262 3308 u
344 3268 392 3316 ca,
408 3260 549 3322 tamqnam
566 3255 672 3322 majore
689 3263 717 3308 et
734 3257 884 3324 pmpliorc,
901 3260 1027 3325 pendent.
1060 3258 1244 3312 Gcwilruliclr

61 3321 131 3374 wind
150 3321 253 3386 jcdoch
271 3319 359 3373 dieses
377 3321 458 3374 Wort
481 3319 533 3372 mit
550 3322 612 3373 dem
628 3323 729 3374 Dativo
747 3323 814 3374 odor
830 3326 870 3382 od¹
882 3341 908 3375 u.
925 3325 952 3375 iu
970 3325 1105 3376 c..Accur.
1122 3325 1244 3378 rcrbmr-¹

42 3389 125 3446 ,dem
142 3416 175 3426 —
188 3404 258 3450 sese,
285 3405 306 3440 s.
324 3403 347 3438 z.
365 3385 398 3437 G.
415 3385 437 3439 l.
454 3384 496 3438 3⁰.
520 3401 554 3425 -’
575 3388 666 3454 paucis
680 3395 740 3456 post
756 3389 858 3454 dietam,
881 3406 901 3442 s.
919 3407 942 3442 z.
960 3390 994 3442 G.
1010 3390 1032 3441 1.
1047 3389 1092 3442 31.
1107 3408 1132 3457 p.
1149 3391 1191 3444 46.
1209 3419 1244 3430 -

215 3452 395 3571 aare·
408 3450 655 3584 rictam
669 3453 1241 3575 rererroremque

61 3600 85 3634 z.
105 3555 137 3637 α’.
155 3584 204 3636 111.
221 3584 246 3636 o.
280 3583 333 3635 ura
344 3571 495 3658 lusitano
533 3557 805 3639 aeirrumatwort·
822 3541 865 3640 ai
877 3561 984 3640 ausimo
999 3586 1051 3639 mre
1067 3561 1241 3640 asserta:
1303 3568 1325 3624 ·'

61 3648 161 3716 liglreit
185 3649 234 3700 deu
258 3649 399 3701 crzsihlteu
417 3650 502 3702 borlo
527 3666 556 3702 cs
572 3651 648 3703 wohl
665 3651 787 3704 uuerein.
805 3681 838 3693 —
855 3655 971 3719 expedire
986 3669 1046 3705 rem
1062 3655 1160 3716 frum,
1177 3669 1198 3706 s.
1215 3669 1238 3706 z.

60 3716 121 3774 Vll.
138 3715 181 3768 36.
198 3732 293 3782 -per
309 3714 511 3781 Mauritaniam,
529 3733 550 3772 c.
567 3715 609 3769 39.
625 3743 659 3756 --
674 3719 761 3786 sequi,
779 3736 800 3770 s.
816 3735 840 3779 u.
856 3719 902 3774 lv.
919 3719 961 3772 21.
977 3748 1010 3758 -
1228 3723 1245 3772 ,Ρ
1272 3737 1277 3750 ¹

125 3783 191 3848 Gap.
207 3779 262 3832 61.
283 3782 373 3847 quibus
388 3781 462 3832 robus
485 3789 550 3846 etc,
570 3782 749 3853 Verbimlung
772 3785 820 3836 der
831 3835 832 3840 ,
844 3785 984 3848 strictim,
1009 3802 1029 3837 ι.
1052 3783 1126 3836 asts.
1142 3785 1180 3838 11.
1196 3785 1238 3840 29.

59 3845 102 3900 33.
119 3875 152 3886 --
168 3846 300 3908 nancisci,
318 3863 339 3897 s.
356 3863 379 3898 z.
397 3845 430 3898 G.
447 3847 468 3916 Ι.
485 3847 510 3900 9.
537 3868 570 3886 -·-
595 3848 715 3912 idapem,
733 3867 754 3902 s.
772 3867 804 3903 u..
813 3851 846 3902 G.
862 3851 898 3904 ll.
915 3851 958 3903 lt.
974 3880 1008 3890 -
1024 3851 1199 3920 complores,
1217 3868 1239 3903 ι.

57 3929 82 3965 u.
101 3913 134 3965 G.
151 3911 172 3963 1.
184 3909 213 3972 8.
232 3937 266 3948 -
289 3913 379 3975 quitos
396 3919 538 3982 averteret,
561 3913 740 3979 conjunctis,
762 3915 815 3968 wie
832 3912 903 3970 uach
919 3917 1008 3982 urimo,
1025 3914 1086 3986 qui,
1109 3918 1238 3969 worriber

57 3997 78 4030 s.
96 3997 119 4031 n.
138 3979 171 4031 G.
188 3977 210 4031 L
227 3975 319 4056 7215,
329 3976 371 4028 31.
388 4003 421 4016 -
437 3977 475 4028 ali
508 3981 546 4043 is,
563 3979 769 4097 uiclrtpuidam3
787 4000 808 4033 s.
819 3981 948 4063 .²·¹V·³⁵·
964 3999 991 4044 u.
1007 3982 1095 4064 pergi.
1114 3998 1136 4034 z.
1155 4001 1177 4034 c.
1193 3980 1242 4036 69.

12 4091 14 4098 ‘
54 4050 396 4173 ratttt‘sttltts
412 4045 1238 4188 &stetit„istisllslsssbstttstltttta

53 4175 114 4228 ciue
131 4175 226 4228 solclre
243 4173 320 4226 Notlr
338 4173 404 4226 eber
421 4175 499 4227 butte
516 4182 651 4228 erwartcn
668 4179 762 4231 sollcn.
780 4208 811 4218 -
827 4181 942 4248 superius
958 4181 1049 4232 bellum
1065 4197 1103 4231 sc.
1120 4180 1237 4234 Sertorii

55 4257 118 4292 cnm
126 4239 267 4304 Romanis,
284 4257 307 4291 ι.
324 4257 347 4291 u.
365 4240 398 4292 G.
415 4238 464 4291 111.
482 4241 523 4292 23.
540 4269 573 4280 -
589 4259 620 4294 cc
634 4243 730 4295 duobus
741 4246 1135 4312 generibus,quue·steteraut,
1148 4247 1237 4299 uictae

54 4322 96 4358 =
113 4324 147 4358 ex
162 4306 269 4359 duobus
286 4305 434 4375 generibus
451 4305 584 4358 deitatum
599 4325 653 4371 coe,
665 4316 842 4376 quac-stet„
858 4312 948 4364 victae
965 4316 1151 4373 etex-stare,
1173 4327 1194 4362 s.
1211 4329 1236 4365 u.

55 4371 101 4424 Vl.
117 4371 162 4428 lt.
175 4373 358 4462 -cqutim
373 4370 550 4450 rcPornpeji.
566 4401 600 4414 -
615 4375 762 4442 impetum,
779 4393 800 4429 a.
817 4391 841 4432 u.
858 4395 881 4432 c.
897 4377 922 4432 5.
938 4395 964 4446 1³·
977 4377 1037 4432 tor.
1054 4405 1086 4418 -
1104 4376 1236 4443 Commta·
1258 4439 1260 4442 ¹
