2692 4672
157 233 160 255 Ι
264 84 266 92 i
324 173 328 191 ‹
423 154 488 208 urs.
509 129 574 207 ΙΙΙ.
599 159 672 249 cun.
696 127 744 206 92
770 175 818 190 -·-
843 131 900 206 94.
1167 135 1245 207 uls
1336 157 1338 164 ⁴

59 329 232 420 miseruut
255 335 491 428 celeriterque,
510 345 549 404 nt
570 333 642 404 erat
654 344 871 427 praeceptum
892 333 1089 420 accesere,
1111 335 1246 430 gladios

59 437 284 514 strinxerunt.
307 434 428 525 Neque
447 429 743 530 vero'Pompejoni
764 431 845 503 huic
868 435 917 504 rei
938 435 1125 508 defuerunt
1158 435 1245 507 Naro

60 547 96 604 et
116 535 190 602 tela
220 537 330 612 missa
351 545 553 624 exceperunt
584 545 618 600 et
648 535 809 625 impetum
838 534 1009 624 legionum
1037 533 1187 612 tulerunt
1211 543 1248 604 et

60 635 199 701 ordines
227 643 508 710 conseruauerunt
528 633 679 724 pilisque
703 633 812 700 missis
834 632 896 700 'ad
912 633 1045 724 gladios
1065 633 1247 718 redieruut.

57 732 203 802 Eodem
222 741 379 823 tempore
409 733 539 820 equites
564 733 606 799 ab
627 720 935 822 sinistrioPompeji
958 753 1082 818 cornu,
1111 734 1149 800 ut
1176 742 1249 810 eret

60 831 439 922 imperatumuniversi
455 841 736 926 procucurrerunt
753 831 927 918 omnisque
947 831 1130 901 multitudo
1142 832 1250 922 sagit-

62 932 229 998 tariorum
250 951 286 998 se
305 929 475 1019 profudit:
502 951 645 1019 quornm
663 931 830 1021 impetunt
850 940 964 998 noster
984 929 1154 1019 equitatus
1167 985 1171 990 .
1183 951 1250 998 non

63 1029 162 1114 tulit,
189 1029 256 1096 sed
277 1021 432 1119 paullum
448 1029 525 1106 loco
544 1039 655 1102 motus
682 1027 801 1097 cessit:
827 1021 1250 1120 equitesque'Pompcjani

62 1122 130 1196 hoo
153 1127 414 1198 ocriusinstare
431 1137 466 1194 et
481 1149 518 1204 se
532 1128 708 1194 turmatim
727 1127 895 1218 explicare
911 1127 1085 1216 aciemque
1101 1137 1252 1212 nostram

62 1225 210 1294 elatere
231 1235 351 1317 aperto
366 1225 543 1298 circumire
559 1234 750 1318 coeperunt
776 1226 878 1310 Quod
893 1226 950 1294 ubi
964 1225 1087 1294 Caesar
1103 1227 1252 1296 animum
1270 1291 1272 1300 .

60 1325 232 1410 advertit,
254 1334 393 1414 quartae
412 1324 511 1407 aciei,¹
537 1346 638 1415 quarn
663 1325 853 1393 instituerat
885 1344 944 1392 sex
968 1323 1165 1414 cohortium
1186 1347 1251 1394 nu-

14 1473 17 1476 -
63 1445 175 1510 mero,
190 1425 340 1516 ,signum
361 1423 463 1491 dedit
488 1425 545 1492 llli
560 1425 713 1493 celeriter
731 1433 1032 1514 procucurrerunt,
1051 1423 1252 1515 infestisque

65 1521 172 1614 siguis
193 1533 294 1618 *tanta
324 1515 357 1589 vi
390 1523 424 1591 in
452 1518 614 1614 Pompeji
644 1522 775 1610 equites
808 1522 974 1613 impetum
1005 1521 1178 1607 lecerunt,
1203 1530 1253 1599 ,ut

66 1641 187 1688 eorum
219 1643 321 1689 nemo
349 1621 545 1690 consisteret
569 1642 753 1708 omnesque
778 1621 930 1688 conversi
950 1643 1015 1688 non
1039 1621 1150 1689 solum
1174 1620 1252 1710 loco

67 1721 291 1804 excederent,
307 1720 370 1788 sed
386 1713 539 1811 protinus
556 1721 682 1790 incitati
698 1719 783 1812 fuga
799 1729 929 1787 montes
951 1718 1131 1787 altissimos
1154 1725 1256 1809 pelea

66 1827 148 1886 rent
163 1819 302 1904 Quibus
316 1819 491 1908 submotis,
506 1841 622 1887 omnes
636 1818 1074 1917 sagittariiplunditoresque
1089 1807 1255 1910 destituti,

68 1916 226 2004 inermes,
241 1919 314 2000 sine
326 1918 505 2008 praesidio,
519 1919 688 1986 interfecti
701 1917 788 2006 snot'
804 1918 937 1986 Eodem
949 1909 1080 2008 impetu
1096 1917 1255 1988 conones

68 2016 245 2084 sinistrum
278 2039 399 2102 cornu,
431 2018 660 2112 pugnantibus
673 2067 676 2072 -
689 2017 790 2094 etiam
815 2025 889 2084 tunt
911 2037 951 2084 ac
973 2013 1205 2086 resistentibus
1220 2013 1256 2082 in

70 2115 139 2184 acle
156 2109 398 2207 PonipejaniS,
418 2118 653 2186 circumierunt
673 2137 836 2202 eosqoea
856 2124 955 2206 tergo
978 2123 1056 2186 sunt
1076 2115 1195 2188 adorti.

69 2271 72 2276 ·
166 2230 229 2300 94.
256 2231 389 2298 Eodem
410 2240 565 2324 tempore
584 2231 715 2298 tertiam
733 2230 839 2298 aciem
853 2227 1003 2312 ‘Caesam
1031 2251 1117 2316 quae
1142 2229 1256 2316 quieta

72 2327 185 2398 fuerat
206 2339 243 2398 et
271 2353 307 2398 se
330 2330 374 2396 ad
401 2329 437 2404 id
457 2339 594 2420 tempus
622 2329 900 2416 locortepnerat,
923 2348 1122 2418 procurrere
1139 2325 1256 2417 jussit.

73 2425 141 2513 lta,
167 2453 277 2518 quum
299 2437 450 2498 recentes
470 2437 574 2517 atque
600 2425 725 2518 integri
753 2419 896 2494 defessis
923 2425 1177 2510 successissent,
1198 2425 1256 2492 alii

73 2535 185 2594 nutem
214 2552 237 2595 a
261 2537 361 2620 tergo
382 2527 614 2613 adorirentur,
643 2525 1027 2616 sustinere-Pompejani
1058 2545 1124 2593 non
1151 2518 1258 2616 potu·
1294 2580 1296 2589 ,

74 2636 171 2695 erunt
194 2635 301 2716 etque
327 2627 472 2694 universi
502 2637 599 2717 terga
623 2633 802 2713 verterunt.
833 2624 954 2714 Neque
978 2647 1059 2693 vero
1079 2623 1258 2692 Caesarem

75 2721 220 2813 fefellit,
259 2721 340 2814 quin
368 2726 475 2794 abiis
501 2725 716 2808 cohortibus,
747 2745 833 2813 quae
861 2734 977 2792 contra
997 2724 1198 2812 equitatum
1222 2723 1258 2790 in

76 2835 195 2908 quorta
218 2825 291 2910 acie
314 2825 498 2895 collocatae
526 2833 656 2911 essent,
682 2823 829 2892 initium.
844 2823 1002 2904 victoriae
1020 2824 1197 2907 tentetur,
1218 2830 1258 2888 ut

76 2920 147 3010 ipse
177 2927 212 2991 in
242 2923 459 3008 cohortandis
484 2923 647 2992 militibus
675 2924 982 3013 pronunciaverat.⁴
1004 2922 1060 2990 nb
1086 2921 1141 2989 his
1169 2921 1258 2988 enim

75 3021 224 3108 primum
241 3025 414 3113 equitatus
434 3033 487 3092 est
507 3024 646 3115 pulsus,
664 3023 708 3090 ab
723 3022 845 3096 iisdern
867 3021 978 3090 factae
999 3019 1120 3089 coedes
1149 3020 1259 3111 sagit-

77 3120 238 3204 tqriorum
274 3135 378 3212 atque
407 3123 635 3208 funditorum,
662 3123 705 3189 ab
736 3121 856 3189 iisdem
884 3122 973 3189 acies
1005 3117 1260 3210 Pompejanaa

77 3217 207 3288 sinistra
227 3234 325 3312 parte
347 3233 418 3290 erat
435 3222 607 3290 circumita
631 3230 733 3310 etque
753 3221 889 3287 initium*
902 3221 1006 3311 fugae
1027 3213 1163 3286 factum.
1188 3215 1260 3286 Sed
1295 3249 1296 3252 ¹

78 3313 274 3412 Pompejns,
290 3333 327 3406 ut
344 3323 530 3414 equitatum
544 3301 648 3389 suurn
657 3321 794 3411 pulsum
810 3319 895 3389 vidit
911 3312 1013 3407 atq'ue
1027 3339 1100 3384 eam
1115 3326 1260 3407 partem,
1310 3377 1316 3384 .

9 3449 10 3454 ι
79 3415 139 3481 cni·
157 3421 305 3488 maxime
334 3419 566 3561 confidebs‘
578 3419 797 3510 perterritam
828 3420 975 3486 animum
996 3414 1160 3502 advertit,
1184 3416 1260 3485 eliis

78 3547 277 3571 ——q-n-

79 3619 105 3670 Ρ.
120 3607 162 3664 58.
194 3613 256 3666 Den
270 3615 413 3671 Ansdr'uelr
429 3614 468 3664 rei
482 3629 536 3665 non
554 3612 648 3664 deesse
664 3612 753 3682 vergi.
770 3627 833 3664 mon
849 3609 901 3662 mit
918 3628 940 3662 c.
950 3609 993 3663 tu.
1010 3607 1139 3676 coronent
1154 3609 1259 3662 deesse.

81 3671 144 3725 Alto
160 3676 237 3732 hier:
264 3679 309 3732 rlie
326 3679 433 3742 Sachc,
460 3679 512 3730 den
528 3678 637 3730 Vorfell
653 3696 688 3731 nn
704 3676 859 3730 behandlen
876 3675 991 3738 wissen,
1014 3675 1119 3746 gelelst
1135 3692 1210 3742 seyn.
1225 3701 1260 3714 -

81 3739 181 3792 ordines
194 3752 361 3810 cornuvure,
379 3763 400 3797 ι.
418 3763 440 3798 a.
457 3744 479 3795 1.
496 3744 540 3796 tl.
556 3773 589 3792 ,-
610 3745 708 3803 redire,
733 3760 754 3794 s.
771 3761 794 3794 n.
812 3744 844 3797 V.
860 3742 902 3796 48.
919 3759 945 3793 ιι.
963 3743 1049 3812 vergl.
1066 3757 1089 3792 a.
1106 3741 1153 3794 VI.
1167 3740 1211 3793 11.
1226 3767 1261 3779 -

79 3804 205 3875 vulturi,
226 3827 248 3862 s.
265 3829 288 3863 z.
305 3829 327 3864 e.
344 3811 386 3865 61.
403 3841 436 3852 -
448 3811 582 3878 paullum,
600 3813 620 3862 s'.
637 3827 660 3862 u.
677 3807 723 3862 IV.
740 3807 782 3862 14.
805 3837 841 3847 π-
865 3807 1006 3875 explicare,
1030 3824 1051 3858 ι.
1069 3823 1092 3858 u.
1108 3806 1146 3860 11.
1161 3807 1203 3860 26.
1227 3835 1260 3846 —

47 3926 49 3934 .
82 3879 188 3933 Platiae
205 3877 271 3929 aciei
292 3886 354 3939 ete,
379 3895 399 3929 s.
417 3895 441 3930 n.
459 3895 481 3928 c.
498 3875 540 3929 89.
565 3876 771 3937 -.con,sistcrc‚
793 3891 814 3926 s.
831 3891 854 3926 n.
872 3873 1017 3926 G.11.11.
1038 3901 1071 3910 -
1096 3888 1261 3951 omnesque,

82 3936 187 4008 {eodm
195 3978 204 4003 ,
221 3960 242 3994 s.
259 3961 283 3994 z.
301 3945 334 3996 G.
350 3943 386 3996 II.
403 3943 445 3998 25.
461 3942 512 3993 111.
530 3941 572 3994 19.
589 3970 622 3979 -
638 3940 771 4002 destituti,
787 3939 982 4010 blosgestellt,
998 3957 1036 3991 sc.
1054 3941 1089 3991 ab
1107 3937 1262 4006 equrtrbus;

82 4004 207 4121 ἧῦ-ἰὸπο
219 4009 358 4076 praesidio.
374 4040 408 4049 -
432 4011 539 4061 inermes
548 4027 559 4070 ,·
582 4007 640 4059 telo
657 4005 730 4058 enirn
746 4007 933 4074 profuderant.
958 4033 991 4044 ·-
1014 4005 1182 4064 etiamtum,
1199 4018 1221 4054 ι.
1237 4018 1262 4054 n.

147 4151 210 4222 cup,
226 4155 268 4209 94.
302 4159 346 4209 od
369 4158 397 4209 id
417 4164 532 4222 tempus,
555 4171 576 4207 ι.
594 4172 617 4207 n.
635 4145 795 4208 144323-
818 4169 923 4222 oeque
942 4153 1059 4220 fefellit,
1083 4149 1177 4216 quio,
1201 4147 1264 4202 eine

27 4224 31 4251 t
86 4205 184 4268 settene
202 4222 409 4286 Conrtrmtinn,
432 4226 501 4273 ststt
517 4221 565 4272 des
582 4222 679 4276 Aecus.
697 4239 719 4272 c.
736 4220 814 4276 infin.
837 4248 870 4258 -
882 4214 927 4270 'ab
944 4220 1033 4270 iisdem
1054 4216 1155 4267 initium
1174 4217 1264 4285 fugae

79 4273 178 4349 ,foetum
194 4291 289 4341 wrirde
304 4288 376 4340 noch
393 4290 456 4340 doru
471 4287 681 4356 gewdhnlichen
693 4284 859 4339 Geltrnuche
870 4285 961 4336 dieser
972 4283 1125 4343 Redensnrt
1138 4281 1264 4335 heisten:

79 4347 136 4403 luti
151 4348 226 4406 dieso
246 4355 384 4408 Cohorten
400 4353 509 4424 fiengen
526 4358 618 4410 uuerst
635 4369 669 4408 an
686 4370 722 4407 nu
738 4352 857 4417 flieben,
874 4350 928 4405 wie
945 4367 969 4400 2·
985 4349 1017 4400 Β·
1034 4364 1056 4400 ⁰·
1073 4345 1115 4400 96·
1129 4362 1159 4416 ,2
1174 4349 1266 4414 Εῑῑῑίθ,

125 4407 303 4475 Blunsnsnn.
319 4451 352 4460 -
370 4419 483 4474 Crustu.
634 4442 637 4455 =
936 4417 986 4486 33
