2692 4672
447 109 979 208 rm.111.0's12.‚oa-er.-
1174 134 1250 222 rus
1327 128 1343 146 ⁶

68 351 170 396 mare
194 336 326 396 nostrae
352 324 512 396 cohortes
536 325 651 397 Nonae
676 328 821 422 legionis
849 330 1109 419 excubaverunt,
1134 341 1250 404 seced

68 450 153 496 sere
165 426 408 516 subitoprima
428 426 504 508 luce
523 427 722 517 Pompejani
742 432 922 515 exercitur,
940 453 1115 521 novusque
1134 455 1251 504 eorum

67 527 241 598 adrentus
264 527 401 593 exstitit.
438 525 548 594 Simul
575 526 718 594 navibus
736 529 950 598 circumvecti
976 533 1110 604 milites¹
1129 533 1164 600 iu
1185 557 1253 604 ex-

38 695 41 701 ,
68 628 234 700 ter-iorem
253 626 379 694 vallum
405 626 473 691 tela
487 625 677 715 jaciebant,
695 625 873 717 fossaeque
888 653 1015 722 aggere
1032 631 1250 721 complebam

68 735 154 810 tur,
189 735 224 792 et
252 723 428 817 legionarii
459 725 624 793 interioris
661 727 852 794 munitionis
890 729 1110 805 defensores,
1151 732 1251 800 scalis

68 824 240 909 admotis,
260 825 435 892 tormentis
452 825 618 915 cujusque
634 827 765 916 generis
786 827 931 916 telisque
950 829 1138 912 terrebant3
1153 853 1249 922 mag-

67 946 189 1012 neque,
210 924 394 992 multitudo
413 924 661 1015 sagittariorum
688 925 730 992 ab
758 935 900 1016 utraque
927 937 1023 1018 parte
1044 929 1251 997 circumfun-

68 1023 227 1090 debatur
252 1023 537 1096 Multumuutem
555 1023 598 1090 ab
617 1025 686 1093 ictu
707 1025 878 1115 lapidum,
900 1028 992 1116 quod
1011 1051 1114 1097 unum
1127 1030 1251 1097 nostris

68 1132 148 1190 erat
172 1122 296 1209 telum,
323 1123 465 1200 viminea
491 1125 673 1216 tegimenta
701 1125 809 1216 galeis
830 1126 988 1216 imposita
1016 1121 1251 1195 defendebant
1296 1138 1299 1144 ’

67 1222 214 1310 Itaque,
233 1243 338 1310 quum
359 1222 513 1292 omnibus
532 1223 632 1292 rebus
655 1224 759 1292 nostri
773 1235 1006 1320 premerentur
1025 1237 1128 1314 atque
1149 1249 1253 1320 aegre

67 1323 288 1404 resisterent,
306 1322 576 1420 tnijred‘versum
597 1333 648 1391 cst
667 1325 785 1391 vitium
807 1325 1018 1408 munitioniS,
1038 1325 1131 1414 quod
1150 1348 1253 1416 snpra

67 1421 437 1508 demonstratunr'cst,
461 1433 563 1511 atque
586 1423 671 1490 iuter
698 1424 783 1492 duos
807 1425 935 1510 vallos,
963 1446 1030 1513 qua
1060 1425 1254 1514 perfectum
1281 1435 1302 1454 “

68 1543 164 1611 opus
182 1542 247 1588 uon
273 1531 363 1606 erat,
378 1544 441 1611 per
457 1545 549 1589 mare
560 1523 871 1614 ›nauibus-expositi
887 1526 921 1593 in
942 1514 1102 1591 aduersos
1121 1534 1253 1592 nostros

67 1621 240 1711 impetum
260 1620 415 1699 fecerunt
433 1632 535 1720 atque
554 1645 595 1690 ex
619 1632 759 1713 utraque
774 1623 961 1692 munitione
984 1621 1254 1716 dejectosterga

67 1729 207 1796 vertere
226 1729 419 1811 coegerunt.

173 1817 231 1886 64.
255 1819 333 1886 Hoc
359 1819 507 1888 tumultu
534 1822 706 1907 nunciato,
737 1821 959 1892 Marcellinus
988 1821 1147 1890 cohortes
1171 1820 1254 1888 sub-

70 1919 163 1988 sidio
181 1921 305 1988 nostris
320 1917 548 1992 laborantibus
568 1921 749 1988 submittit:
767 1944 872 2010 quae,
889 1944 931 1990 ex
951 1923 1068 1990 castris
1082 1921 1253 2013 fugientes

70 2018 302 2109 conspicatae,
321 2039 435 2108 neque
458 2020 537 2087 illos
563 2023 625 2088 s‘uo
646 2022 790 2090 adventu
817 2022 1015 2090 confirmare
1050 2029 1255 2111 potnerunt,
1316 2065 1318 2069 -

68 2133 185 2207 neque
205 2119 298 2208 ipsae
316 2117 467 2187 hostium
483 2121 822 2209 impetumtulcrunt.
847 2121 987 2208 Itaque,
1009 2120 1253 2208 quodcumque

68 2217 262 2286 addebatur
291 2217 460 2302 subsidio,
485 2219 539 2304 id,
566 2230 762 2310 corruptum
787 2219 908 2286 timore
939 2219 1161 2310 fugientium,
1182 2217 1253 2284 ter-

69 2340 185 2402 rorem
213 2325 248 2384 et
280 2317 470 2407 periculum
500 2317 667 2408 augebat:
708 2318 892 2408 hominum
918 2318 1006 2386 enim
1033 2315 1256 2384 multitudine

70 2427 233 2506 receptus
256 2415 513 2506 impediebatur.
552 2416 593 2499 ln
615 2439 654 2486 eo
682 2417 840 2508 proelio,
865 2439 971 2506 quum
987 2418 1087 2508 gravi
1115 2415 1255 2483 vulnere

70 2526 166 2584 esset
188 2516 330 2584 affectus
355 2515 525 2604 Aquilifcr
548 2525 582 2582 et
606 2539 625 2582 a
647 2516 771 2596 viribus
798 2516 1016 2601 deficeretur,
1043 2513 1257 2605 'conspicatus

70 2615 206 2706 equites
236 2626 387 2699 nostros,
410 2611 507 2684 Hanc
527 2637 609 2705 ego,
631 2617 757 2704 inquit,
779 2624 814 2683 ct
837 2617 934 2684 vivus
958 2615 1084 2686 multos
1111 2638 1174 2706 per
1195 2635 1256 2680 an-

69 2737 136 2804 nos
153 2737 274 2810 magna
298 2715 474 2807 diligentia
493 2714 662 2800 defendi,
677 2725 733 2790 „et”
750 2735 838 2784 nunc
865 2716 1010 2783 moriens
1042 2714 1160 2781 eadem
1187 2711 1257 2780 tide

71 2811 211 2884 Caesari
230 2815 378 2882 restituo.
411 2815 545 2900 Nolite,
571 2816 726 2902 obsecro,
753 2815 981 2899 committere,
1006 2814 1102 2906 quod
1123 2821 1200 2879 ante
1222 2812 1257 2878 in

70 2914 224 2984 exercitu
256 2913 408 2982 Caesaris
443 2937 508 2982 non
536 2915 673 3004 accidit,
701 2925 739 2983 nt
766 2916 815 2982 rei
839 2915 992 2983 militaris
1012 2913 1170 3004 ¹dedecus
1193 2911 1258 2978 ad-

70 3016 245 3095 mittatur3
274 3014 546 3103 incolumemque
573 3015 721 3082 adeum
749 3003 884 3083 referte.
928 3014 1006 3082 Hoc
1032 3035 1112 3082 casu
1144 3010 1258 3100 aquila
1304 3035 1308 3042 ·

70 3214 165 3260 ouant
190 3208 281 3259 hohen
307 3206 351 3258 die
375 3206 492 3260 meisten
508 3207 653 3276 durguben
677 3207 722 3259 die
744 3206 937 3277 gewdhuliche
960 3207 1016 3258 und
1039 3204 1151 3267 besscre
1172 3205 1258 3258 Fnrm
1320 3251 1322 3256 ,

70 3275 264 3339 camelumaut3
281 3272 382 3326 Struve
406 3272 455 3325 lat.
478 3272 574 3324 llccln.
592 3291 618 3324 u.
634 3275 748 3342 conjug.
765 3292 791 3340 p.
807 3273 866 3326 226.
883 3300 917 3311 -
933 3273 1074 3334 exoritur,
1097 3271 1212 3332 Plurcl,
1236 3288 1257 3322 s.

71 3357 97 3392 a.
115 3340 149 3391 G.
167 3338 218 3391 111.
234 3339 259 3392 9.
276 3369 309 3377 —
325 3341 382 3390 Aus
400 3357 423 3390 c.
439 3337 482 3391 62.
499 3356 525 3395 ιι.
543 3355 592 3391 uns
610 3341 684 3403 dem,
701 3355 758 3391 was
776 3337 900 3408 sogleich
917 3340 998 3408 lolgt,
1017 3336 1092 3389 nieht
1109 3353 1183 3399 man,
1195 3336 1257 3388 dass

70 3404 202 3459 wirlrlich
218 3405 283 3456 zuei
298 3406 391 3457 Heere
407 3406 455 3456 des
471 3404 620 3471 Pompeius
643 3405 852 3457 heranrdchten'.
874 3435 908 3444 -
930 3420 1010 3456 uocas
1027 3420 1068 3456 r:
1084 3402 1259 3470 inopinatus,

71 3490 94 3524 s.
111 3489 135 3524 a.
153 3471 199 3524 vl.
215 3471 258 3524 δῖ.
275 3502 307 3512 -
323 3471 380 3522 Iler
404 3487 492 3542 ganne
511 3471 576 3523 Satn
599 3488 651 3524 von
672 3471 753 3524 Simul
777 3471 820 3522 his
843 3472 973 3523 terrebunt
993 3470 1110 3522 'zeridllt
1139 3468 1169 3522 in
1194 3469 1260 3521 zuei

70 3538 294 3606 Hauptglieder.
311 3542 372 3590 'von
393 3537 518 3590 welchen
542 3538 591 3588 das
607 3539 694 3588 zweitc
710 3535 824 3606 auldngt
849 3535 901 3588 mit
920 3545 945 3588 ct
962 3537 1107 3601 legionarii.
1146 3537 1258 3588 deltere

70 3605 221 3668 Ausgahcn
245 3605 336 3656 haben
360 3602 404 3655 die
424 3609 494 3673 gnte
510 3603 624 3660 Leseurt
647 3604 836 3670 simulque-et
864 3604 1018 3672 legionarii,
1040 3617 1083 3654 wc
1110 3600 1171 3654 rich
1187 3602 1258 3654 daun

70 3687 123 3737 quc
140 3687 167 3722 u.
184 3678 209 3723 ct
225 3670 407 3738 entsprechen
422 3671 554 3734 wdrden3
577 3688 597 3724 s.
615 3688 638 3722 z.
654 3689 676 3722 c.
693 3669 735 3722 26.
757 3696 791 3707 -
817 3669 956 3738 legionarii
978 3686 1014 3728 rc.
1040 3667 1186 3736 Pompeii,
1209 3668 1259 3719 der

72 3735 189 3790 Geuitir
205 3737 333 3788 interioris
349 3736 497 3788 munitionis
513 3739 614 3805 gehdrt
629 3753 663 3788 nu
680 3738 826 3800 defensores
843 3753 879 3787 sc.
899 3735 1084 3788 Caesarianos.
1108 3760 1141 3771 -
1163 3735 1258 3793 telum,
1334 3759 1340 3791 ,ι

72 3805 95 3854 ι’.
113 3820 138 3854 n.
157 3793 190 3855 (ἱ.
206 3803 243 3854 11.
259 3802 300 3855 21.
318 3829 352 3841 -
368 3801 483 3852 omuibus
498 3804 589 3866 rebus,
613 3802 739 3871 vergis.
757 3799 917 3852 unilt.
935 3802 967 3854 V.
986 3799 1028 3854 15.
1052 3827 1086 3838 -
1109 3817 1178 3867 qua,
1196 3817 1217 3850 s.
1234 3815 1257 3849 a.

74 3869 108 3920 G.
122 3868 147 3919 Ἰ.
164 3868 190 3922 6.
205 3885 301 3935 -per
316 3885 403 3932 mure,
421 3867 508 3923 durch
525 3870 574 3930 das
584 3867 661 3920 Meet
677 3867 847 3932 begrlustigt,
864 3866 950 3919 durch
968 3866 1095 3920 darselbe
1111 3865 1257 3935 geuissor-

72 3935 198 3986 maulseu
215 3937 380 3986 uutustiltzt.
404 3961 438 3971 —·
461 3935 601 3998 Mum,
624 3951 644 3985 s.
660 3951 683 3985 u.
701 3931 735 3986 G.
751 3932 772 3984 L
788 3933 832 3988 26.
864 3930 1080 4002 Einige'rrollen
1096 3948 1188 4001 gagen
1212 3927 1265 3981 die.

73 4001 229 4053 Hdschrltn
246 4017 349 4051 avoces
366 4001 452 4052 lesen.
467 4027 501 4037 -
1177 4045 1181 4052 ,

141 4068 207 4134 Cup.
224 4066 266 4120 ot.
300 4067 437 4127 tumulltu,
454 4083 475 4116 s.
494 4081 517 4116 z.
535 4065 565 4116 G.
583 4064 604 4116 1.
621 4066 661 4117 46.
677 4092 711 4103 -
734 4082 764 4115 er
780 4064 873 4116 castris
888 4063 989 4134 gehdrt
1006 4081 1040 4116 ιιι
1052 4061 1205 4128 fugientes,
1229 4075 1256 4111 n.

75 4131 119 4184 dic
135 4127 301 4184 castiu'sind
318 4131 380 4183 hier
403 4132 506 4194 locus,
521 4129 570 4182 ubi
593 4133 802 4184 excubaverunt.
835 4130 1014 4185 Marcellinus
1038 4126 1160 4180 echichte
1182 4127 1256 4178 disse

74 4199 214 4250 Cohorten
230 4213 281 4250 aus
298 4198 362 4250 dem
377 4198 468 4265 Lagei·
490 4198 539 4248 der
562 4206 670 4250 uerutum
686 4199 726 4249 Lu
747 4197 806 4262 'on,
822 4205 912 4266 veteru
927 4204 1026 4260 castro,
1041 4212 1064 4245 c.
1088 4192 1148 4255 66,
1164 4191 1256 4244 wohin

77 4263 121 4316 die
138 4263 319 4316 Caesarianer
337 4264 388 4315 anf
401 4263 477 4316 ihrer
493 4262 597 4327 Flucht
609 4263 668 4328 just
684 4215 863 4346 uuiummen
880 4262 1011 4314 strehten.
1025 4287 1060 4298 -
1083 4258 1257 4323 consternere,

74 4346 96 4380 r.
113 4347 135 4382 z.
153 4331 201 4382 vl.
217 4330 243 4382 2.
258 4360 292 4368 -
307 4329 399 4395 defici,
417 4345 438 4378 s.
456 4344 479 4378 n.
497 4345 520 4380 e.
536 4329 579 4382 46.
596 4330 727 4388 delectus.
749 4358 783 4368 -
806 4329 896 4388 Wozu
912 4327 1013 4396 gehdrt
1028 4323 1117 4375 tanc?
1141 4351 1174 4362 -
1195 4327 1258 4378 ‹lili-
1339 4333 1344 4338 “

73 4396 184 4464 gartia,
201 4393 511 4467 uemsremauigkeit,
535 4411 556 4450 s.
574 4413 598 4452 a.
615 4397 649 4452 a.
664 4397 686 4451 l.
703 4395 746 4452 46.
770 4424 803 4436 -
826 4395 946 4465 princeps
957 4391 1033 4459 prim
1047 4387 1066 4440 i.
1083 4403 1109 4438 e.
1126 4387 1257 4446 centurio
