2708 4676
29 164 31 170 ,
60 91 133 164 262
481 115 526 164 un
549 115 669 164 eseno-
683 90 831 168 coemens

60 241 167 376 nihil,
178 289 271 380 quod
286 290 369 382 ipsis
388 299 477 362 esset
499 293 685 386 indignum,
705 293 967 364 committebant
990 291 1083 364 Tum
1094 292 1137 372 Τ.
1154 293 1250 386 Bal-

58 392 191 475 ventio,
212 392 272 480 qni
286 393 458 482 superiore
476 415 561 460 anno
579 394 725 483 primum
748 393 857 484 pilum
880 393 1039 481 duxerat,
1060 395 1132 463 viro
1157 396 1250 464 lorti

62 500 98 558 et
118 511 260 581 magnae
283 492 506 578 uctoritatis,
520 499 713 579 ¹utrumque
729 491 841 560 femur
861 493 995 584 tragula
1018 494 1251 584 transjicitur3

59 589 103 675 Q.
122 589 303 674 Luranius,
329 589 482 680 ejusdem
501 590 645 673 ordinis,
669 591 851 660 fortissime
875 614 1047 683 pugnans,
1061 585 1154 660 'durn
1173 595 1249 662 cir-
1277 621 1283 628 ·

10 710 13 715 ·
60 685 240 758 cumveotn
278 688 347 757 lilio
377 689 549 774 subvenit,
591 689 810 758 interficitur:
849 687 888 757 h
919 689 1035 777 Cotta,
1069 691 1250 786 Legatos,
1344 741 1345 760 .

61 795 182 858 omnes.
198 785 369 856 cohortes.
375 788 576 878 ordinesque
600 787 807 877 adhortans,
832 789 865 856 in
882 787 1059 858 adversum
1083 813 1121 858 os
1136 791 1249 858 funda

59 888 262 955 vulneratur.

60 1083 228 1176 biori‘geln
245 1105 325 1152 suos
343 1083 577 1154 cohortantem
599 1087 847 1176 conspexisset,
874 1085 1091 1176 interpretem
1124 1109 1248 1174 suum,

61 1183 122 1252 Cn.
140 1183 362 1274 Pompeium,
377 1183 421 1250 ad
440 1205 518 1251 eum
534 1184 655 1269 mittit,
680 1195 856 1277 rogatum,
874 1195 914 1252 ut
931 1182 994 1254 sibi
1013 1185 1249 1274 militibusque

61 1293 189 1374 pareat
221 1283 287 1350 llle
319 1281 510 1373 appellatus
543 1283 739 1373 responditt
763 1285 791 1352 si
823 1283 905 1350 velit
932 1305 1046 1354 seeum
1073 1284 1248 1374 colloqui,

60 1382 187 1464 licere3
211 1401 366 1474 sperare,
385 1381 635 1476 amultitudine
650 1382 827 1473 impetrari
847 1403 958 1473 poste,
976 1381 1069 1471 quod
1087 1383 1131 1450 ad
1152 1381 1280 1450 mili-2x

59 1490 133 1550 turn
157 1482 300 1551 salutem
327 1479 512 1570 pertineat;
548 1482 615 1572 ipsi
633 1485 726 1548 r'vero
752 1481 838 1548 nihil
863 1482 1012 1551 nocitum
1044 1482 1102 1568 iri,
1140 1483 1247 1572 inque

60 1603 134 1648 earn
162 1601 235 1648 rem
259 1600 296 1646 se
314 1583 408 1646 snam
434 1579 536 1646 fidem
556 1580 778 1670 interponere.
795 1579 876 1654 ¹llle
903 1603 980 1650 curn
1002 1580 1103 1649 Cotta
1129 1582 1247 1650 saucio

20 1723 23 1730 -
60 1679 305 1762 communicat,
327 1679 357 1746 si
378 1678 552 1764 videntur,
578 1702 694 1770 pugna
714 1690 753 1746 ut
770 1679 932 1750 excedant
953 1689 1080 1749 etcum
1097 1679 1247 1747 Ambio-

59 1781 135 1868 rige
160 1801 225 1846 nna
259 1775 517 1865 colloquantur:
543 1800 696 1870 sperare,
725 1778 769 1846 ab
786 1802 838 1847 eo
864 1778 909 1847 de
936 1801 996 1848 sua
1031 1800 1072 1846 ae
1095 1779 1245 1848 militum
1291 1857 1298 1868 ,

59 1878 169 1944 salute
193 1878 374 1965 impetrare
398 1897 507 1967 posse.
551 1877 652 1945 Cotta
677 1890 714 1946 se
738 1878 782 1946 ad
806 1887 971 1948 armatum
1004 1877 1139 1948 hostem
1170 1879 1262 1960 itn·‚
1345 1911 1346 1990 1

59 1997 135 2044 rum
160 1985 262 2067 negat
287 1982 389 2066 atquc
413 1977 448 2043 in
473 1998 514 2043 eo
543 1977 702 2044 constitit

155 2073 213 2142 37.
238 2072 390 2160 Sabinus,
404 2095 489 2162 quos
506 2076 540 2142 in
556 2075 743 2166 praesentia
758 2075 927 2146 Tribunos
940 2076 1088 2144 militum
1109 2077 1237 2147 circum

58 2195 96 2242 se
112 2171 259 2242 habebat
284 2183 318 2241 et
337 2174 522 2263 primorum
538 2171 693 2244 ordinum
709 2175 942 2263 Centuriones,
970 2175 1123 2265 sesequi
1138 2175 1241 2268 jubet
1267 2238 1273 2244 .
1345 2187 1346 2190 ’

60 2284 115 2360 ct,
135 2297 243 2362 quum
263 2273 404 2364 propius
429 2273 664 2367 Ambiorigem
694 2275 906 2362 accessisset,
928 2274 1046 2366 jussus
1066 2292 1156 2343 arma
1179 2275 1246 2342 ab·
1344 2349 1345 2356 ,

54 2372 181 2463 jicerc,
210 2373 412 2465 imperatum
441 2373 541 2460 facit,
576 2358 796 2579 suisout
816 2375 908 2443 idem
925 2375 1066 2462 faciant,
1089 2374 1245 2468 imperat

59 2473 213 2559 Interim,
243 2473 324 2540 dum
355 2472 398 2542 de
430 2473 635 2542 conditionib
761 2497 798 2542 er
829 2497 866 2544 se
899 2485 1005 2567 agunt
1038 2474 1244 2566 longiorque

59 2560 214 2640 consulto
230 2572 273 2638 ab
294 2572 492 2666 Ambiorige
513 2573 699 2642 instituitur
727 2596 860 2658 sermo,
888 2573 1065 2664 paullatim
1092 2573 1243 2642 circum·
1307 2627 1310 2633 .

158 984 216 1052 36.
242 983 305 1052 llis
325 984 427 1054 rebus
447 939 620 1076 permotus
644 985 686 1070 Q.
702 985 872 1074 Titurius,
890 953 995 1074 quum
1014 967 1248 1077 proculn'm-
1338 1007 1343 1014 ·

8 2747 10 2754 1
60 2682 189 2751 ventus
202 2672 407 2741 interficitur.
432 2672 523 2741 Tum
541 2696 622 2741 vero
643 2695 705 2741 suo
723 2696 815 2741 more
834 2661 1009 2740 victoriarir
1032 2672 1245 2740 conclamant
1276 2745 1278 2754 ,

58 2780 161 2860 atque
175 2769 351 2839 ululatum
376 2773 516 2859 tollunt,
539 2757 737 2863 impetuque
764 2765 799 2838 in
831 2780 964 2840 nostros
991 2771 1082 2840 facto
1108 2771 1247 2852 ordines

58 2870 264 2960 perturbant
302 2871 355 2938 lbi
382 2869 422 2939 L
454 2870 555 2939 Cotta
576 2893 731 2964 pugnans
762 2871 961 2939 interficitur
989 2892 1065 2938 omn
1095 2871 1242 2938 maxima

58 2980 156 3086 parte
185 2971 346 3056 militum,
378 2971 500 3060 reliqui
529 2994 565 3039 se
598 2972 648 3040 in,
665 2979 774 3038 castra
803 2970 988 3062 recipiunt,
1026 2969 1117 3037 unde
1148 2967 1247 3038 eraut
1346 2995 1347 3000 ¹

58 3071 206 3162 egressi:
227 3093 269 3139 ex
288 3069 410 3159 quibus
422 3070 462 3140 L.
478 3070 687 3139 Petrosidius
699 3069 866 3160 aquilifer,
890 3091 995 3159 quum
1012 3091 1133 3162 magna
1150 3069 1245 3138 mul-

58 3205 255 3221 *—

58 3295 143 3346 quum
159 3283 311 3399 pugnatum
329 3278 378 3344 sit,
405 3282 459 3334 und
476 3282 599 3335 daselbrt
614 3279 659 3333 die
675 3281 806 3353 Aurqurg.
822 3307 855 3320 -
871 3297 890 3332 n
900 3279 989 3348 prime
1005 3279 1061 3330 lnce
1077 3279 1114 3330 nd
1128 3277 1176 3329 ltor
1192 3283 1245 3330 ort.

53 3345 268 3471 >ἓ151,ιο.11.Ρ1.
290 3412 332 3463 17.
357 3437 390 3450 -
414 3413 524 3479 eiusdem
549 3414 644 3464 ordinis
660 3430 698 3464 sc.
723 3412 867 3476 Centurio,
896 3413 922 3464 d.
937 3412 965 3463 ln.
983 3428 1014 3462 er
1028 3428 1087 3463 wer
1107 3407 1246 3462 ebenlalla

59 3475 192 3528 Centurio
208 3475 290 3544 primi
306 3475 364 3594 pili.
389 3505 422 3516 -
448 3481 517 3530 dnm
539 3479 667 3544 sarduinit,
690 3495 711 3530 s,
728 3495 751 3530 z.
768 3479 815 3533 IV.
831 3478 874 3530 34.
901 3505 934 3518 -
958 3477 1090 3542 negatus,
1112 3476 1134 3527 1.
1150 3475 1194 3529 47.
1210 3505 1246 3515 -

279 3346 321 3397 17.
338 3372 372 3384 -
390 3348 490 3416 primus
502 3348 587 3415 pinu,
604 3347 636 3401 11.
651 3344 694 3400 25.
711 3374 743 3386 -
759 3349 799 3400 oir
810 3347 907 3413 fortis,
925 3362 946 3398 ι.
963 3363 986 3398 a.
1003 3345 1025 3396 1.
1042 3344 1084 3398 53.
1102 3374 1133 3384 -
1151 3351 1245 3398 emto-
1278 3403 1291 3420 Ι

59 3538 180 3605 ordines,
203 3541 306 3594 Abthei
319 3559 423 3612 unger,
446 3545 598 3610 centurion,
621 3545 709 3614 vergl.
734 3543 780 3600 VI.
803 3544 845 3597 4⁰.
868 3561 901 3596 ex
921 3543 1099 3600 inferioribus
1123 3542 1197 3593 ortld.
1214 3540 1245 3594 in
1344 3571 1347 3582 ·

58 3606 214 3726 superiores
232 3605 308 3658 orde:
323 3612 378 3690 und
394 3611 426 3663 V.
442 3611 484 3664 44.
502 3610 597 3678 primis
620 3609 777 3675 ordinibus»,
793 3611 849 3664 und
865 3627 896 3663 so
913 3611 983 3662 elren
1000 3610 1101 3663 vorlrer
1118 3607 1245 3674 ejusdem

59 3688 182 3806 611ιέἓῇ
184 3673 425 3805 -ffiodlrpoer'tpnrothp
435 3693 462 3794 q.
474 3677 512 3794 121.
520 3677 552 3794 lp.
567 3695 595 3794 p.
611 3677 653 3730 84.
670 3696 709 3746 rq.
725 3707 757 3718 —
775 3677 912 3740 adversare,
928 3693 950 3728 t.
967 3693 990 3728 n.
1006 3677 1029 3728 1.
1045 3675 1087 3728 26.
1103 3675 1134 3727 ll.
1151 3673 1195 3726 26.
1211 3703 1245 3714 -

57 3885 81 3922 s.
97 3887 120 3921 a.
137 3871 159 3922 1.
176 3872 217 3924 48.
234 3870 277 3924 42.
301 3903 334 3912 -
362 3873 523 3941 interponere
539 3875 637 3941 fldem,
654 3892 674 3927 ι.
692 3893 715 3928 n.
732 3877 763 3930 V.
780 3875 806 3929 6.
821 3901 856 3914 —-
873 3891 969 3943 pugna
991 3881 1037 3938 ut,
1061 3871 1247 3938 1251165.

57 3937 531 4122 papzlibtqumeppqdeqeinspfll.
546 3939 589 3994 25.
606 3969 639 3980 -
654 3959 758 4009 sperare
773 3959 800 3994 u.
816 3942 969 4022 impetrare,
986 3957 1006 3992 s.
1024 3957 1047 3992 n.
1065 3957 1087 3990 c.
1103 3938 1146 3992 27.
1163 3951 1247 4026 snpe-

584 3743 609 3796 2.
625 3771 658 3781 -
670 3743 779 3812 pecul,
795 3762 815 3795 ι.
833 3760 857 3795 c.
872 3741 915 3795 64.
936 3751 970 3782 '-
991 3742 1166 3794 cohortantem
1182 3757 1258 3799 cons=

9 3811 14 3820 '
58 3804 165 3871 spicere
183 3823 204 3857 s.
221 3823 245 3857 n.
261 3807 307 3860 lv.
326 3805 368 3861 26
384 3809 544 3875 appellatus,
560 3825 581 3860 r.
599 3827 622 3860 n.
640 3827 663 3861 e.
680 3809 722 3862 36.
738 3839 772 3850 -
787 3811 941 3878 impetrare,
959 3824 981 3860 ι.
997 3825 1020 3860 n.
1037 3807 1058 3858 1.
1075 3808 1100 3860 9.
1116 3835 1150 3846 -
1165 3807 1260 3870 satus,

124 4071 189 4137 Cap.
205 4071 247 4122 3.
281 4072 309 4122 in
319 4072 488 4192 ᾖαωοπῐία,
511 4089 533 4123 a.
550 4089 573 4124 n.
589 4072 611 4123 1.
627 4072 669 4126 15.
686 4055 770 4140 pta
795 4103 828 4114 -
850 4072 961 4146 Tribuni
975 4072 1098 4135 rnilitum,
1114 4070 1136 4121 1.
1153 4069 1195 4121 39.
1213 4099 1246 4108 -
1346 4111 1347 4116 ,

53 4137 350 4272 efflanti-..wem
367 4221 388 4255 r.
406 4219 429 4256 n.
445 4203 467 4255 1.
484 4203 526 4255 13.
540 4218 576 4244 '-
593 4205 731 4270 concinno,
747 4223 768 4258 s.
785 4223 808 4257 z.
825 4204 847 4256 1.
864 4204 906 4256 47.
919 4203 1053 4256 nictatione
1064 4203 1247 4264 onclnmare,

56 4264 119 4316 eine
135 4268 322 4340 Brachylogia
340 4270 384 4338 (ll.
402 4269 459 4336 28.)
477 4273 546 4320 statt
561 4270 739 4337 conclamant,
751 4268 898 4324 victoriam
910 4276 1019 4337 parton
1036 4287 1106 4334 esse3
1123 4283 1153 4322 ro
1170 4267 1203 4318 B.
1214 4265 1246 4319 0.

56 4328 142 4392 166.
153 4349 219 4387 onan
235 4336 424 4399 conclamare,
449 4335 475 4388 d.
491 4334 519 4388 lr.
536 4336 726 4400 conclamare,
754 4342 787 4422 ut
807 4337 874 4394 rata
891 4334 1066 4404 colliguntur.
1087 4362 1121 4374 -
1144 4333 1249 4405 ordines¹

442 4139 546 4202 joran,
570 4155 591 4189 t.
608 4155 631 4190 n.
648 4138 731 4193 1116
754 4167 788 4178 -·
813 4141 873 4192 dum
889 4145 992 4207 agunt,
1010 4137 1062 4188 wie
1081 4135 1162 4197 cili.
1179 4135 1247 4190 dum
1346 4125 1347 4208 1
