2692 4672
420 179 485 228 m.
510 157 574 227 111.
597 179 671 229 en».
697 159 768 266 uu
796 197 846 214 -
869 159 951 284 113.
1004 107 1005 110 Ὺ
1173 150 1250 228 cru

79 364 115 426 ut
131 376 242 444 aequo
257 355 388 446 proelio
404 353 634 427 discederetur
651 366 686 425 et
704 359 810 426 neutri
824 357 1031 450 pellerentur
1049 352 1101 454 (id
1118 345 1250 424 efficie-

78 455 154 523 bant
175 456 352 546 augustiae
370 455 471 544 loci),
487 457 671 546 paucisque
690 459 860 546 utrimque
882 455 1085 538 interfectis,
1109 453 1249 540 Caesar,

78 554 149 622 loca
179 555 324 622 maxime
362 555 546 622 necessaria
576 551 790 646 complexus,
814 564 915 625 noctu
942 551 1139 648 praemunit.
1171 553 1249 624 Hoc
1278 563 1280 576 '

77 660 181 720 tractu
198 653 322 743 oppidi
340 675 418 744 paru
436 665 507 724 erat
527 657 641 746 regiae
657 656 797 746 exigua,
816 656 849 722 in
866 677 968 743 quam
984 654 1057 745 ipre
1075 650 1249 719 hrbiundi

78 773 190 819 caussa
208 752 303 818 initio
324 763 396 820 erat
415 752 589 840 inductus,
608 765 643 824 et
663 754 850 837 theatrum,
870 755 1088 844 conjunctum
1116 749 1248 836 domui,

18 921 22 932 ,
78 849 166 938 quod
194 850 283 920 arcis
307 851 441 920 tenebat
470 852 582 922 locum
610 853 789 943 aditusque
810 851 962 921 habebat
987 851 1030 919 ad
1059 861 1196 940 portum
1215 857 1250 916 et
1307 873 1308 880 ¹

76 949 117 1015 nd
135 949 269 1038 reliqua
285 951 422 1017 navalia.
446 950 518 1018 Has
531 952 730 1020 munitiones
743 951 996 1040 insequentibus
1010 950 1103 1018 auxit
1118 946 1250 1034 diebus,

76 1057 112 1115 ut
127 1070 192 1138 pro
211 1069 309 1116 muro
325 1047 475 1138 objectas
488 1049 645 1137 haberet,
666 1073 731 1123 neu
751 1049 910 1120 dimicare
923 1049 1046 1117 invitus
1061 1055 1252 1139 cogeretur.

62 1142 213 1215 'Interim
237 1146 309 1214 fitis
334 1147 441 1214 minor
473 1148 660 1218 Ptolemaei
689 1151 801 1242 regis,
830 1170 971 1217 vacuam
1004 1145 1251 1237 possessiouem

75 1245 610 1437 ttlspsttttllllsst
630 1270 713 1416 ‘tt
727 1269 891 1416 {dil
915 1259 988 1414 ‘525
990 1254 1092 1411 ‘itt
1118 1266 1183 1410 251:
1185 1266 1252 1410 ‘¹32

74 1443 264 1534 principatu
281 1445 507 1513 controversia
526 1456 616 1532 ortu,
637 1468 724 1535 qnae
738 1467 792 1514 res
806 1445 900 1537 apud
917 1443 1042 1515 milites
1058 1441 1253 1533 largitiones

74 1543 183 1611 auxit:
208 1543 341 1634 maguis
361 1543 449 1613 enim
463 1542 607 1634 jacturis
632 1545 695 1614 sibi
714 1546 858 1634 quisque
881 1565 997 1612 eorum
1022 1542 1149 1608 animos
1170 1561 1254 1608 con-

74 1639 212 1710 ciliabat.
239 1641 340 1726 Haec,
352 1641 433 1711 dum
448 1643 541 1733 apud
558 1644 675 1712 hostes
695 1654 876 1736 geruntur,
894 1641 1074 1724 Pothinus,
1092 1637 1253 1706 nutricius

74 1741 167 1830 pueri
188 1751 225 1808 et
243 1750 442 1831 procurator
457 1743 569 1834 regni,
585 1744 618 1812 in
634 1754 731 1834 parte
740 1740 901 1826 Caesaris,
917 1763 1024 1830 quum
1039 1736 1265 1812 ad'Achilluu

74 1840 209 1921 nuncios
233 1840 385 1906 mitteret
414 1839 693 1931 hortareturque,
726 1863 768 1909 ne
793 1840 932 1934 negotio
963 1838 1141 1906 desisteret
1170 1857 1256 1904 neve

75 1939 179 2007 animo
199 1939 376 2028 deiiceret,
396 1939 550 2008 indicatis
570 1941 857 2032 deprehensisque
874 1938 1108 2022 internunciis,
1127 1957 1147 2003 a
1167 1933 1256 2003 Cae-

11 2075 12 2078 =
75 2057 145 2106 sare
169 2048 223 2106 est
246 2037 454 2107 interfectus.
477 2037 573 2109 Haeo
595 2038 687 2142 initia
706 2039 790 2108 belli
813 2036 1031 2106 Alexandrini
1052 2035 1198 2104 luerunt.
1223 2065 1236 2097 x

74 2171 271 2189 Μ*

75 2243 125 2280 von
136 2213 252 2297 porrmJ
267 2230 344 2309 ulfo:
359 2229 466 2308 relique
480 2231 543 2284 loca
556 2267 564 2295 ‚
579 2229 607 2283 in
624 2221 694 2298 quae
710 2245 794 2283 nares
810 2228 914 2308 intrare
930 2227 1028 2280 solent.
1043 2251 1077 2263 —-
1091 2231 1255 2342 ut-Iqeffi.

75 2293 316 2428 {sisinnii}
330 2291 1140 2478 ttiusitltmttlhgttttt't‘etei.
1155 2325 1254 2412 41.er

75 2451 105 2464 -
120 2426 147 2478 in
158 2435 243 2502 purte
259 2426 383 2481 Caesarie
399 2443 438 2482 =
454 2426 483 2482 in
499 2431 578 2497 purte
596 2427 683 2492 Urina,
700 2440 782 2494 quam
822 2421 1029 2481 resurrectae
1044 2448 1079 2460 -
1128 2489 1131 2496 .
