2692 4672
97 156 175 232 5⁰8
411 233 416 242 ,
469 179 472 190 ·
538 181 597 232 *nn
620 181 730 232 suano
755 181 859 232 orrum

83 359 387 431 -erdtnmeduxu'
396 359 569 452 aciemque
587 361 765 450 iustruxit,
792 361 939 454 primum
958 359 1028 431 suis
1052 361 1155 447 locis,
1173 361 1275 453 paul-

98 461 203 550 loque
229 483 249 528 a
271 460 738 554 castrisPompejilongiu13
763 461 1008 554 contineutibus
1033 481 1115 530 vero
1138 460 1278 550 diebus,
1323 526 1328 543 ,

97 568 137 628 nt
154 561 419 651 progrederetur
437 583 456 628 a
477 561 595 630 castris
620 563 690 630 suis
710 561 922 650 collibusque
939 557 1154 651 Pompejanis
1170 543 1278 628 aciem

98 659 293 750 subjiceret.
331 659 427 746 Quae
457 661 571 728 resin
599 661 673 730 dies
696 662 974 730 confirmatiorem
999 659 1074 750 ejus
1095 661 1280 727 exercitum
1332 703 1333 714 ι

96 757 274 828 efficiebat
309 757 473 851 Superius
490 767 601 828 tamen
621 761 810 830 iustitutum
828 762 863 827 iu
883 759 1073 849 equitibus,
1092 757 1200 848 quod.
1216 757 1279 824 de·
1330 719 1333 828 i

96 858 374 948 munstravimus,
393 857 564 953 sersqbat,
584 868 640 946 ut,
661 859 817 949 quoniam
835 880 976 926 numero
990 858 1105 926 multis
1125 857 1281 950 partibus

96 952 189 1024 esset
212 956 370 1044 inferior,
392 952 622 1028 adolescentes
644 969 747 1049 atque
767 957 961 1050 expeditos,
992 979 1034 1025 ex
1054 957 1281 1048 antesignanis

96 1053 226 1124 electos
249 1057 373 1129 milites
400 1058 444 1125 ad
463 1058 713 1149 pernicitatem,
733 1058 835 1126 aruris
853 1059 941 1126 iuter
964 1056 1095 1145 equites
1121 1055 1281 1147 proeliari
1333 1073 1334 1104 ι

89 1152 242 1246 juberet,
257 1156 316 1244 qui
332 1157 523 1246 quotidiana
537 1157 779 1230 cousuetudine
794 1179 893 1225 usum
909 1177 1044 1244 qnoque
1058 1155 1133 1246 ejus
1146 1154 1281 1246 generis

96 1253 305 1345 proeliorum
329 1257 551 1349 perciperent
583 1257 649 1325 His
669 1267 741 1325 erat
760 1256 861 1325 rebus
879 1255 1056 1339 effectum,
1086 1263 1125 1322 ut
1147 1253 1282 1342 equites

96 1352 178 1420 ruiie
199 1355 423 1446 apertioribus
435 1358 560 1424 etiam
575 1356 660 1426 locis
689 1366 821 1449 septem
846 1355 975 1424 milium
988 1351 1282 1454 ,lfompejauorum
1334 1371 1335 1458 q

96 1450 290 1542 impetum,
324 1476 430 1545 quum
463 1457 598 1524 adesset
632 1477 735 1545 usus,
777 1456 943 1524 sustinere
969 1453 1138 1522 ,auderent
1170 1473 1282 1541 neque

96 1547 308 1644 magnopere
321 1575 439 1622 eorum
454 1555 672 1624 multitudine
687 1561 899 1624 terrerentur.
923 1551 1079 1640 Namque
1098 1551 1203 1620 etiarn
1220 1573 1281 1642 per

97 1651 261 1719 eos-dies
289 1653 457 1742 proelium
488 1655 683 1724 secuudum·
704 1663 861 1744 equestre
891 1653 992 1736 fecit,
1019 1661 1122 1741 etque
1144 1651 1282 1742 Aegum

96 1748 325 1841 Ailobrbgem
351 1759 393 1819 e‘x
410 1752 561 1838 duobus,
582 1775 668 1844 qnos
685 1755 879 1846 perfugisse
893 1751 937 1820 ad
952 1749 1162 1842 Pompejuru¹
1177 1769 1281 1840 supra
1335 1793 1336 1822 ι

97 1847 294 1934 docuimus,
315 1871 393 1918 oum
411 1850 613 1939 quibusdam
639 1854 816 1922 interfecit.
1130 1895 1133 1911 ·

12 1960 15 1972 ·
104 1989 106 1994 -
198 1943 257 2014 85.
282 1947 487 2040 pompejus,
506 1953 587 2040 quia
610 1961 719 2028 castra
738 1955 772 2020 iu
792 1951 881 2020 colle
899 1949 1063 2032 habebat,
1084 1945 1136 2014 edu
1149 1946 1280 2014 iniimus
1336 1962 1337 2042 q

97 2043 229 2114 radices
248 2048 371 2116 montis
393 2050 722 2135 acieminstruebet3
738 2072 890 2143 semper,
910 2047 1162 2132 stridebunt,
1182 2067 1280 2137 spec·
1336 2047 1337 2090 i

76 2157 78 2163 ⁴
99 2151 193 2229 tans,
207 2145 238 2212 si
252 2144 375 2236 iniquis
391 2147 475 2218 locis
487 2146 612 2218 Gadsar
624 2171 660 2220 se
673 2152 868 2242 subjiceret.
893 2148 1035 2232 Caesar,
1049 2145 1143 2214 nulla
1155 2147 1293 2213 ratione

98 2242 145 2310 ad
165 2265 327 2336 pugnarn¹
341 2247 418 2316 elici
434 2257 535 2344 posse
546 2248 752 2343 Pompejum
768 2251 978 2333 existimaus,
1001 2246 1089 2313 bunc
1108 2244 1173 2312 sibi
1191 2267 1284 2314 com-
1337 2328 1338 2354 χ

98 2341 328 2412 mudissiruam
349 2344 433 2414 belli
461 2349 624 2417 rationem
643 2349 829 2440 judicavit,
856 2349 907 2416 uti
935 2355 1045 2415 castra
1069 2367 1111 2411 ex
1127 2345 1185 2412 ¹eo'
1209 2345 1283 2412 loco
1337 2355 1338 2404 3

99 2453 253 2511 moveret
273 2444 482 2534 semperque,
496 2457 586 2516 esset
604 2448 639 2515 in
659 2447 848 2517 itineribus:
866 2446 935 2515 hoc
952 2464 1113 2540 sperans,
1130 2452 1189 2528 ut,
1211 2465 1284 2512 ruo·
1337 2461 1338 2473 ¹

8 2565 11 2570 ·
97 2540 216 2612 vendis
244 2543 363 2612 castris
387 2545 611 2637 pluribusque
638 2547 801 2616 adeundis
822 2545 926 2630 iocis,
949 2542 1180 2612 commodiore
1213 2544 1285 2610 fru-

81 2637 83 2652 ’
97 2641 259 2718 me'uteria
273 2665 310 2710 re
321 2650 489 2713 uteretur:
503 2647 672 2734 simulque
682 2647 717 2714 in
730 2647 847 2714 itinere
860 2655 899 2712 ut
913 2643 1060 2732 aliquam
1073 2642 1283 2710 occasionem

17 2759 19 2775 ·
96 2737 541 2817 ι1ἰιιιὶιιιιιι1ἰ,ιιιιιοίιιοοιειιιι
560 2754 596 2812 et
612 2746 783 2813 insolitum
796 2744 838 2812 ad
856 2743 1005 2811 laborem
1014 2739 1173 2831 Pompeji
1187 2763 1284 2810 exer·

97 2839 204 2908 citum
225 2839 429 2928 quotidianis
450 2841 625 2929 itineribus
643 2844 855 2938 defatigaret.
879 2841 945 2910 His
960 2840 1151 2914 constitutis
1171 2841 1283 2924 rebus,

97 2939 197 3031 siguo
208 2937 284 3026 jum
302 2939 521 3031 profectionis
536 2941 628 3028 dato,
646 2942 939 3030 tabernaculisque
954 2939 1112 3036 detensis,
1131 2939 1284 3006 animad-

96 3059 233 3108 versum
254 3047 325 3123 esu
355 3039 473 3131 paulin
502 3049 601 3128 ente,
626 3051 720 3110 extra
741 3040 969 3132 quotidianam
988 3037 1283 3128 consuetudinem,

97 3136 237 3231 lougius
255 3159 275 3204 a
295 3138 387 3207 uallo
408 3159 483 3210 esse
506 3139 613 3210 aciem
628 3139 787 3248 qupeji
810 3159 1048 3232 progressum,
1075 3144 1114 3205 ut
1132 3158 1199 3205 nou
1221 3139 1283 3206 iui-

113 3345 116 3351 ·
163 3329 229 3398 Cep.
246 3330 289 3383 84.
322 3331 393 3382 auia
409 3330 485 3395 locis,
509 3332 649 3384 eutweder
671 3331 801 3385 vdrtlicb
827 3331 879 3384 adi
900 3329 1003 3384 aeiuem
1023 3329 1048 3380 ci
1067 3345 1130 3380 cocu
1146 3328 1283 3394 Terruin,

98 3395 164 3448 oder
179 3395 199 3448 s
221 3393 329 3448 rirlichr
346 3412 381 3449 eu
395 3397 541 3466 grinatigen
558 3399 705 3464 Puniteu3
730 3399 800 3450 doch
817 3397 894 3468 bulte
910 3396 956 3448 ich
974 3397 1023 3448 das
1065 3400 1151 3447 tatere
1168 3394 1217 3447 fuir
1235 3399 1283 3453 das

97 3460 183 3512 ellein
225 3459 338 3532 ichtige.
357 3487 391 3543 -Ι-
407 3469 442 3514 ut
455 3462 580 3532 progred.
597 3479 638 3516 ·.·:
654 3465 693 3516 itu
712 3466 757 3525 ut,
783 3480 807 3543 ⁸¹.
821 3479 844 3514 u.
855 3463 894 3530 vV.
906 3463 953 3541 ⁸15.
970 3491 1002 3501 -
1018 3461 1154 3526 coquere,
1177 3477 1199 3513 s.
1216 3478 1242 3514 u.
1260 3479 1281 3513 c.

93 3524 1158 3664 {butituittt’1d⁰ff²ui⁵·euptt²f'ttti:itubisai
1174 3527 1282 3646 viii

95 3672 207 3773 Eam
231 3663 269 3772 aa}
293 3660 451 3778 ἓξὲξ,
475 3675 544 3776 eheu.
567 3661 613 3714 lv.
630 3613 718 3714 EPVI.
735 3659 777 3713 lu.
802 3687 836 3697 -
860 3667 979 3726 apertur,
1004 3675 1025 3710 a.
1042 3673 1066 3709 u.
1083 3658 1116 3710 G.
1133 3658 1233 3712 11.·1u.
1249 3685 1281 3698 -

145 3739 287 3866 ''cass’stss
320 3742 480 3851 boniradii)
496 3764 713 3857 Imperfectum,
729 3807 751 3843 s.
768 3807 791 3842 a.
809 3789 843 3842 (i.
859 3789 881 3841 1.
898 3790 940 3842 40.
958 3806 984 3857 p.
1000 3789 1043 3842 63.
1060 3788 1082 3841 1.
1099 3788 1141 3841 4&
1163 3819 1197 3829 —
1222 3790 1253 3841 ai
1266 3817 1279 3828 -

95 3852 196 3918 robyro„
214 3869 236 3903 a.
253 3867 276 3902 ιι.
294 3853 327 3906 G.
344 3854 365 3906 1.
382 3855 406 3910 8.
422 3883 457 3895 -
473 3871 500 3906 ae
516 3858 654 3923 mq‘icerc,
678 3873 700 3908 s.
718 3873 741 3908 u.
759 3873 781 3907 c.
797 3855 840 3908 tu.
863 3882 897 3894 —-
920 3855 975 3907 Die
991 3855 1053 3908 hier
1070 3859 1138 3907 statt
1153 3855 1280 3908 babendo

96 3917 276 3986 Verbiudnug
294 3919 342 3970 des
358 3920 443 3974 Verbi
459 3937 564 3986 sperwe
580 3921 632 3974 mit
653 3929 684 3972 ut
700 3923 807 3974 irommt
829 3927 906 3973 ronst
927 3920 974 3972 bei
991 3921 1093 3973 caesar
1114 3937 1165 3991 gur
1189 3921 1279 3984 nicht,

96 3983 144 4036 bei
160 3985 211 4036 deu
228 3982 347 4054 uibrigen
363 3985 457 4038 latein.
469 3987 690 4040 Schriitutelieru
701 3987 839 4066 hingegen
850 3987 949 4038 hrichst
966 3987 1054 4052 seiten
1071 4004 1139 4052 νοις
1155 3987 1278 4038 Doeder-

51 4103 55 4112 ,
97 4047 154 4100 lein
171 4049 245 4118 Syna
312 4049 385 4102 ,111.
403 4068 427 4119 p.
444 4052 503 4130 ἔχῃ.
522 4052 597 4106 citirt
614 4053 708 4106 Seuer.
725 4053 872 4126 (διιιιιιιιιιτ
889 4053 924 4104 Π.
941 4064 967 4121 p.
984 4053 1044 4105 281.
1060 4052 1122 4119 Bip.
1140 4053 1201 4104 Non
1217 4069 1278 4118 rpe-

96 4130 185 4194 ramru
200 4121 230 4166 nt
272 4115 435 4196 lamiuiuum
454 4119 541 4180 Judex
558 4120 671 4200 probat,
687 4120 735 4170 sed
752 4126 782 4170 ut
799 4117 1100 4200 dimittat3-r'ueulitqa
1111 4119 1277 4181 adiutorem,

19 4229 21 4236 ’
96 4182 383 4326 ῗέἓῐᾷἓῗῗιὲἒὶῗῗ
398 4181 1277 4327 subditititiisabtii'batismate}

95 4310 337 4425 ggvobulrcberen
365 4327 401 4365 su
425 4327 523 4388 uumqu-
539 4313 784 4382 ungevdbulrciron
801 4315 925 4366 Ausdruc
945 4313 1042 4368 urreisa
1058 4313 1148 4366 bildet
1169 4312 1275 4392 obeul.

83 4417 88 4458 .'
156 4373 205 4430 dur
214 4377 359 4460 Auadruclr
370 4391 485 4448 corpore
500 4383 609 4432 musta
623 4381 662 4433 ud
676 4391 760 4433 onera
774 4381 917 4447 pertunde.
934 4407 968 4422 ·-
983 4380 1124 4434 art-nider.
1141 4395 1174 4428 =
1190 4387 1230 4433 ou
1244 4381 1276 4430 ut
